3234 4934
588 350 713 417 152
1179 364 1447 415 sumus
1494 364 1750 413 catsant
1789 362 2172 413 scabiosa

584 528 789 570 versus
818 516 921 567 aut
946 506 1139 585 ipsum
1186 504 1515 586 disjecisse,
1560 514 1666 565 aut
1707 503 1951 567 aliorum
2003 506 2229 567 incuria
2277 505 2502 567 solutos
2529 518 2770 587 praeter-

585 608 726 671 isse.
811 603 911 664 Sic
938 604 1093 663 enim
1122 603 1361 683 legendi
1392 612 1533 663 sunt
1556 622 1571 661 z
1598 664 1606 671 ,
1633 609 1649 637 ‘
1673 602 1826 670 Quid
1863 602 2042 663 tristis
2071 602 2183 663 es?
2247 604 2467 683 rogitas
2509 624 2622 677 me,
2673 607 2772 665 ubi

593 702 765 762 nobis
794 699 1111 761 AEschinus
1156 699 1301 772 Siet,
1330 700 1473 779 quid
1502 700 1684 759 tristis
1712 718 1826 778 ego
1855 699 2011 760 sim?
2051 698 2250 760 dixine
2277 698 2392 761 hoc
2419 699 2586 760 fore?
2625 702 2771 779 quid

582 800 634 856 is
668 794 877 855 Fecit?
917 796 1061 875 quid
1090 796 1189 855 ille
1212 796 1458 856 fecerit?
1499 815 1673 876 quem
1695 816 1888 875 neque
1918 795 2138 875 pudet.'
2219 796 2334 855 Ubi
2355 798 2614 868 verbum,
2636 797 2769 870 siet,

584 893 761 953 unica
786 892 1015 972 syllaba
1060 903 1401 955 concretum
1452 893 1536 952 fit.
1623 894 1722 967 Sic
1767 893 1942 953 etiam
1993 912 2066 952 ex
2111 892 2350 953 Andrioe
2388 892 2490 952 illo
2533 893 2770 953 sibilum

584 988 845 1060 abstulit,
874 1008 993 1057 non
1033 989 1193 1049 unde
1237 988 1482 1050 debuit:
1544 995 1560 1023 ‘
1586 990 1734 1059 Quis
1783 990 1960 1068 igitur
2003 1000 2098 1053 est
2143 990 2382 1049 relictus
2423 988 2771 1068 objurgandi

580 1083 830 1145 locus‘ss'
913 1084 1180 1158 Sibilum,
1207 1085 1417 1163 inquit,
1446 1086 1505 1143 in
1533 1086 1902 1165 pronomine,
1951 1086 2122 1157 Quis,
2165 1085 2422 1145 eliditur.
2507 1088 2587 1145 At
2613 1104 2773 1155 vero,

586 1198 721 1241 cum
750 1181 1079 1243 necessario
1124 1181 1409 1241 iambicus
1461 1182 1559 1254 sit,
1608 1180 1773 1240 nullo
1809 1190 1988 1260 paeto
2017 1180 2096 1240 ad
2143 1200 2276 1241 eum
2304 1180 2543 1241 modum
2570 1199 2772 1241 secare

583 1278 799 1354 possis,
830 1276 937 1337 sed
962 1297 1035 1337 ex
1078 1276 1391 1357 participio
1408 1274 1718 1339 tollendus
1749 1288 1860 1337 est.
1945 1276 2067 1335 Sed
2094 1286 2156 1337 et
2203 1276 2364 1339 illum
2393 1276 2545 1335 male
2588 1275 2772 1335 (lime-

584 1372 729 1431 titus
770 1382 901 1432 est:
966 1379 983 1406 ‘
1006 1372 1179 1443 Perii,
1234 1373 1479 1431 obsecro
1504 1390 1520 1431 τ
1578 1384 1698 1433 tam
1749 1371 2056 1432 infandum
2098 1372 2328 1433 facinus
2377 1390 2510 1431 mea
2559 1382 2645 1443 tu,
2694 1392 2772 1433 ne

583 1468 783 1527 audivi
814 1466 1091 1545 quidem!
1174 1467 1363 1537 Quem
1393 1466 1537 1528 (licit
1581 1486 1716 1529 esse
1757 1468 2114 1529 trochaicum
2145 1467 2588 1527 catalecticum:
2633 1486 2768 1528 cum

584 1552 661 1623 s'it
704 1563 931 1641 integer
984 1562 1307 1641 quadratus
1360 1563 1668 1634 iambicus,
1725 1582 1916 1641 neque
1967 1562 2044 1623 ad
2100 1563 2458 1623 trochaicum
2509 1564 2771 1642 torqueri

582 1659 791 1738 possit.
854 1658 1021 1719 Sicut
1042 1669 1103 1719 et
1127 1658 1559 1738 praecedentem
1589 1658 1752 1718 illum
1777 1681 1792 1719 z
1840 1668 1855 1694 ‘
1885 1660 2058 1719 Forte
2087 1658 2166 1718 ad
2193 1678 2300 1717 nos
2329 1658 2562 1717 redierit
2586 1678 2600 1715 ε
2645 1660 2770 1720 vise

582 1754 794 1815 amabo
822 1775 961 1815 num
982 1754 1061 1815 sit
1072 1755 1232 1833 jam:
1282 1756 1418 1815 saxo
1446 1757 1644 1815 scias.'
1694 1756 1868 1826 Nam,
1896 1765 1962 1814 ut
1991 1755 2267 1816 evaderet
2287 1754 2771 1833 amphimacrum,

582 1869 700 1910 non
718 1862 811 1911 est
830 1850 1049 1909 veritus
1066 1850 1297 1911 trahere
1316 1853 1405 1911 sui
1424 1851 1706 1911 trochaici
1735 1851 1986 1913 caudam
2010 1852 2182 1911 etiam
2207 1853 2356 1911 ultra
2380 1863 2518 1911 octo
2540 1850 2724 1929 pedes
2746 1870 2763 1909 ε

583 1947 693 2007 nisi
720 1957 975 2025 argutat,
1002 1948 1177 2021 scias,
1220 1968 1353 2009 esse
1380 1948 1890 2028 monosyllabum:
1936 1948 2062 2021 sed,
2109 1969 2244 2009 cum
2274 1968 2479 2009 omnes
2521 1948 2606 2009 illi
2651 1948 2774 2007 sint

582 2042 875 2124 quadrati,
900 2044 1077 2105 etiam
1101 2044 1263 2107 hunc
1306 2045 1619 2105 iambicum
1668 2046 1890 2117 malim,
1933 2047 2099 2105 nulla
2141 2045 2300 2105 facta
2329 2046 2386 2103 in
2415 2044 2610 2125 prima
2629 2062 2774 2103 voce

582 2140 923 2210 collisione:
967 2147 984 2175 ‘
1009 2140 1145 2208 Quo
1172 2138 1271 2201 ille
1298 2142 1459 2200 abire
1488 2140 1738 2220 ignavos
1763 2142 1957 2220 possit
1986 2140 2242 2219 longius„
2271 2140 2380 2198 nisi
2409 2141 2459 2198 si
2489 2140 2776 2201 domum!

586 2238 653 2295 In
684 2236 942 2315 Prologo
970 2246 1167 2295 autem
1190 2234 1457 2308 Andriae,
1482 2255 1555 2295 eo
1582 2256 1756 2296 versu
1781 2256 1797 2295 ε
1844 2244 1861 2269 ‘
1885 2237 2035 2295 Nam
2064 2237 2122 2293 in
2153 2236 2412 2315 prologis
2441 2234 2770 2295 scribundis

586 2352 827 2412 operam
882 2332 1139 2391 abutitur
1163 2331 1197 2391 :’
1254 2351 1389 2393 cum
1448 2330 1672 2391 diceret
1723 2331 1886 2390 vocis
1929 2330 2126 2409 hujus,
2189 2330 2469 2408 prologis,
2524 2331 2774 2407 primam

585 2428 873 2507 syllabam
903 2445 1037 2485 esse
1066 2444 1103 2485 a
1128 2426 1401 2485 Terentio
1438 2424 1808 2503 productam,
1839 2423 2071 2484 addidit
2098 2444 2241 2483 sane
2271 2410 2552 2483 rationem
2595 2423 2774 2483 frivo-

586 2524 742 2582 lam:
810 2521 1037 2593 Latina,
1074 2521 1285 2600 inquit,
1316 2519 1784 2581 consuetudine:
1843 2520 2058 2599 quibus
2086 2538 2214 2579 mos
2260 2528 2354 2579 est
2386 2537 2514 2579 eam
2543 2538 2775 2599 praepo-

584 2619 853 2678 sitionem
896 2616 1247 2696 productam
1294 2615 1529 2676 habere.
1615 2616 1771 2675 Nam
1818 2615 1878 2674 in
1931 2614 2152 2675 Latinis
2181 2615 2374 2675 verbis
2420 2615 2776 2694 producant,

586 2713 647 2773 in
678 2712 905 2773 Groecis
934 2723 1131 2773 autem
1162 2711 1522 2783 abstineant,
1556 2710 1670 2770 nisi
1695 2711 1812 2771 alia
1835 2711 1926 2771 vis
1953 2711 2178 2771 subsit:
2221 2712 2375 2771 sicut
2401 2711 2459 2770 in
2479 2710 2588 2770 hac
2609 2730 2775 2782 voce,

587 2812 687 2871 ubi
708 2809 931 2888 liquida
952 2808 1056 2869 illa
1076 2808 1431 2889 geminatur,
1448 2808 1603 2868 sicut
1617 2809 1675 2867 in
1697 2808 2398 2871 Heautontimorumeno:
2428 2816 2444 2843 ⁸
2461 2807 2773 2866 Oratorem

587 2905 771 2966 voluit
797 2924 933 2965 esse
962 2924 1078 2976 me,
1106 2924 1227 2965 non
1254 2903 1624 2985 prollogum:
1649 2904 1664 2929 ’
1705 2916 1768 2965 et
1794 2925 1868 2965 ex
1895 2904 2154 2983 Prologo
2179 2903 2554 2964 Truculenti:
2616 2910 2631 2935 ⁶
2653 2901 2776 2961 Sed

586 3002 895 3082 relliquam
918 3002 1026 3063 dat
1051 3021 1309 3082 operam,
1336 3022 1411 3061 ne
1440 3003 1517 3062 sit
1546 3002 1876 3086 reliquom!
1957 3002 2034 3061 Et
2063 3002 2202 3062 illo:
2244 3008 2260 3035 ‘
2287 3001 2368 3059 Ut
2415 2998 2780 3077 pernoscatis

588 3098 803 3178 ecquid
855 3100 981 3178 spei
1009 3101 1086 3160 sit
1136 3098 1463 3177 reliquum!
1564 3100 1739 3169 Nam,
1789 3099 1902 3157 nisi
1951 3098 2066 3157 hoc
2121 3095 2276 3155 soliti
2329 3106 2532 3154 essent
2563 3094 2777 3165 facere,

588 3194 747 3253 mille
776 3194 907 3253 alise
934 3196 1043 3253 viee
1073 3204 1240 3253 erant
1270 3193 1346 3253 ad
1389 3194 1594 3253 eadem
1627 3213 1802 3273 paene
1827 3194 2008 3252 verba
2035 3212 2202 3251 versu
2234 3188 2668 3259 concludenda,
2711 3199 2778 3247 ut

588 3306 707 3346 rem
732 3306 944 3347 novam
986 3288 1251 3347 evitaret.
1334 3286 1554 3347 Verum
1603 3308 1760 3349 nova
1805 3306 2176 3365 nequaquam
2201 3296 2364 3345 erat:
2409 3283 2516 3343 sed
2545 3286 2619 3343 ab
2649 3281 2776 3343 Ho-

586 3400 746 3443 mero
774 3402 1005 3465 usque:
1050 3400 1185 3440 nam
1234 3382 1295 3440 in
1328 3382 1576 3461 Hymnis
1629 3388 1819 3461 μέλος,
1859 3383 1920 3441 in
1973 3381 2158 3441 Iliade
2189 3383 2414 3454 ὲλῶρια,
2463 3392 2638 3457 atque
2663 3378 2778 3439 alia

586 3477 885 3561 produxit.
970 3477 1280 3555 Etiamque
1329 3496 1489 3537 nunc
1530 3478 1734 3537 multae
1767 3478 2038 3537 nationes
2085 3476 2236 3537 adeo
2264 3494 2465 3535 crasse
2493 3494 2622 3535 eam
2648 3475 2778 3535 lite-

590 3592 712 3633 ram
740 3574 1139 3652 pronuntient,
1164 3582 1232 3633 ut
1258 3573 1417 3633 intus
1438 3594 1573 3634 esse
1594 3574 1872 3655 aspiratio
1895 3573 2162 3634 videatur
2187 3596 2202 3642 ς
2247 3570 2486 3643 Gabali,
2512 3572 2779 3645 Arverni,

592 3669 813 3743 Graeci,
838 3667 1137 3739 Germani,
1182 3668 1451 3748 Ligures,
1477 3669 1735 3730 Taurini.
1818 3671 2092 3731 Ceterum
2135 3670 2314 3729 etiarn
2341 3667 2460 3729 alia
2489 3668 2636 3727 ratio
2665 3678 2778 3728 est»

590 3778 659 3827 ut
711 3775 774 3827 et
838 3784 1043 3833 versus
1114 3763 1209 3825 ille
1280 3765 1519 3846 Prologi
1570 3777 1826 3841 constet,
1903 3787 2096 3846 neque
2143 3764 2369 3846 liquida
2431 3764 2778 3842 geminetur.

596 3865 774 3935 Sane,
818 3861 867 3921 si
918 3879 1048 3921 eam
1077 3880 1302 3937 vocem,
1349 3882 1483 3944 quoe
1532 3864 1591 3923 in
1620 3884 1692 3926 eo
1720 3884 1892 3927 versu
1937 3864 2126 3943 prima
2167 3872 2280 3934 est,
2323 3879 2438 3919 non
2489 3857 2774 3945 collidas:

592 3956 755 4037 quod
782 3976 945 4036 soepe
970 3955 1109 4016 alibi
1136 3967 1198 4017 et
1224 3958 1283 4017 in
1312 3978 1405 4031 ea,
1438 3970 1504 4021 et
1530 3962 1590 4020 in
1620 3962 1752 4023 aliis
1778 3961 2106 4021 factitatum
2133 3968 2266 4017 est:
2309 3954 2466 4015 sicut
2490 3956 2548 4013 in
2577 3954 2778 4013 Eunu·

594 4054 739 4114 cbo:
783 4061 799 4087 ‘
830 4054 961 4113 Una
986 4053 1068 4113 ire
1094 4074 1228 4114 cum
1260 4055 1452 4117 amica
1477 4056 1882 4137 imperatorem
1931 4056 1990 4115 in
2020 4057 2116 4115 via
2140 4073 2156 4112 ι
2176 4054 2192 4077 ’
2250 4052 2310 4111 in
2339 4049 2599 4111 secunda
2621 4055 2778 4109 enim

597 4148 738 4211 sede
766 4148 1037 4229 dactylus
1062 4159 1173 4223 est,
1202 4170 1395 4233 neque
1414 4153 1756 4233 praepcsitio
1783 4152 2118 4215 colliditur:
2178 4149 2261 4211 ita
2297 4147 2360 4210 in
2403 4144 2506 4210 illc
2554 4145 2606 4205 si
2631 4162 2778 4207 con-
