3234 4934
1362 350 1459 397 nn.
1510 350 1812 401 uss‘rms.
2554 345 2684 412 12⁷

498 508 631 549 sum
658 506 861 551 versus
889 490 1213 569 sequentis,
1252 512 1357 572 per
1382 491 1690 554 elisionem
1729 496 2062 557 annectitur
2103 478 2208 556 f'ini
2249 502 2679 579 pmcedentis:

497 594 565 642 ut
591 583 651 643 in
680 582 935 663 Prologo
964 584 1274 647 Eunuchi:
1318 596 1335 623 ⁴
1361 588 1478 655 Qui
1522 590 1674 649 bene
1711 591 1994 652 vertendo
2041 602 2102 651 et
2149 612 2252 652 eas
2293 594 2680 663 describendo

496 681 673 755 male,
712 702 787 742 ex
824 682 1053 745 Groeeis
1094 683 1308 759 bonis'ss
1354 689 1467 745 ὥσ.
1551 686 1774 747 Durius
1817 698 1928 760 est,
1973 708 2106 747 cum
2135 688 2396 750 dissecta
2422 690 2680 757 dictione

494 778 650 856 prior
677 778 905 857 syllaba
929 779 1061 838 finit
1079 798 1334 853 versum,
1356 780 1597 859 reliquae
1625 782 1909 861 incipiunt
1931 796 2294 861 sequentem,
2314 794 2382 844 ut
2410 786 2682 851 Eunuchi

494 884 662 935 actus
683 874 839 935 tertii
855 881 1037 935 scena
1062 876 1284 954 prima:
1314 882 1331 910 ‘
1352 876 1652 936 Continuo
1675 877 1987 958 siquando
2013 879 2118 939 illa
2139 880 2316 952 dicet,
2343 880 2681 946 Phaedriam

492 968 949 1031 intromittamus
976 982 1391 1043 comessatum,
1420 982 1486 1032 tu
1515 973 1923 1053 Pamphilam!
1964 975 2254 1036 Elisiones
2283 978 2422 1038 item
2451 987 2512 1038 et
2540 999 2684 1059 syn-

491 1084 766 1139 naereses,
792 1066 1119 1145 proesertim
1146 1068 1339 1127 minus
1364 1068 1601 1128 usitatae
1625 1069 1783 1149 apud
1812 1072 2185 1144 recentiores,
2213 1073 2440 1133 faciunt
2467 1085 2534 1133 ut
2561 1074 2681 1135 lec-

491 1170 583 1220 tor
609 1160 927 1241 impeditus
956 1162 1294 1243 frequenter
1338 1163 1565 1224 haereat
1610 1164 1671 1221 in
1717 1164 1992 1225 carmine.
2018 1168 2022 1173 '
2077 1166 2330 1227 Eliditur
2375 1178 2574 1229 autem
2617 1170 2679 1229 in

490 1257 731 1319 cornicis
748 1259 1013 1320 versibus
1037 1279 1071 1319 v
1101 1278 1460 1331 consonans,
1480 1270 1548 1320 ut
1574 1259 1636 1319 in
1667 1280 1713 1320 1.
1744 1280 1962 1321 scena:
1993 1268 2009 1296 ⁴
2035 1261 2176 1321 Sine
2195 1261 2416 1323 invidia
2441 1264 2690 1325 laudem·

490 1352 756 1415 invenias
785 1365 847 1415 et
872 1355 1094 1416 amicos
1120 1356 1333 1435 pares.’
1403 1356 1632 1416 Rursus
1658 1356 1912 1417 ibidem:
1957 1365 1973 1393 ⁴
1999 1358 2260 1417 Liberius
2287 1358 2523 1418 vivendi
2569 1361 2682 1419 suit

490 1458 780 1529 potestas,
808 1468 945 1509 nam
965 1452 1179 1523 antea:
1205 1456 1320 1511 διο.
1378 1452 1525 1511 Item
1554 1452 1615 1511 in
1645 1470 1828 1512 scena
1853 1453 2060 1513 tertia:
2089 1460 2106 1488 6
2129 1452 2462 1525 Enimvero,
2489 1454 2678 1527 Dave,

492 1544 637 1605 nihil
664 1545 778 1605 loci
806 1546 938 1619 est,’
964 1552 1076 1607 διο.
1162 1548 1415 1608 Carmen
1464 1548 1619 1608 enim
1667 1548 1872 1627 incipit
1914 1552 1990 1609 ab
2027 1556 2348 1627 anapaesto.
2436 1552 2514 1611 Et
2539 1563 2676 1612 ante

490 1642 551 1700 in
579 1659 761 1709 scena
785 1642 1013 1720 prima:
1056 1650 1073 1678 ⁴
1097 1644 1409 1703 Enimvero
1436 1652 1768 1723 spectatum
1797 1644 1984 1705 satis.'
2067 1643 2320 1703 Eliditur
2355 1654 2418 1704 et
2461 1664 2513 1719 s,
2552 1656 2678 1707 tum

489 1737 547 1795 in
589 1737 727 1812 fine,
774 1749 896 1798 tum
950 1740 1009 1798 in
1058 1738 1255 1798 media
1308 1737 1585 1799 dictione.
1693 1739 1763 1798 In
1813 1740 1952 1811 fine,
1992 1748 2060 1799 ut
2104 1740 2163 1798 in
2213 1741 2400 1819 prima
2453 1760 2634 1803 scena
2659 1763 2675 1802 ε

490 1841 507 1867 6
532 1835 651 1895 Sed
679 1835 824 1916 quid
852 1854 1001 1915 opus
1029 1844 1122 1895 est
1146 1832 1337 1893 verbis
1353 1832 1399 1891 ’ζ’
1460 1834 1580 1892 Sed
1619 1832 1765 1912 quid
1793 1834 2009 1913 opu'st.
2094 1834 2258 1895 Elisa
2286 1835 2460 1895 simul
2487 1846 2548 1896 et
2571 1857 2677 1898 vo-

492 1930 605 1989 cali
633 1951 688 1991 e.

571 2026 736 2085 Idem
764 2027 833 2085 fit
856 2026 916 2085 in
955 2032 973 2060 ⁴
998 2025 1143 2085 satis
1162 2024 1197 2084 :'
1238 2030 1256 2059 ⁴
1280 2024 1410 2084 Nec
1439 2024 1583 2083 satis
1614 2024 1799 2103 digna
1824 2024 1921 2083 cui
1948 2024 2319 2098 committas‚’
2347 2029 2462 2084 dcc.
2525 2024 2676 2085 Rur-
2741 2088 2748 2095 ,

488 2142 591 2183 sus
619 2122 681 2179 in
710 2120 967 2201 Prologo
994 2120 1235 2181 Andriae
1264 2122 1331 2180 fit
1355 2120 1415 2179 in
1445 2120 1642 2181 medio
1670 2120 1970 2181 dictionis:
2021 2125 2038 2153 ⁴
2063 2119 2134 2179 Id
2163 2120 2262 2179 isti
2287 2120 2622 2199 vituperant
2639 2122 2677 2181 ι’

485 2217 735 2296 aliisque
781 2216 930 2277 locis
977 2216 1400 2297 compluribus,
1446 2236 1696 2296 quorum
1740 2216 1966 2296 aliquot
1989 2218 2050 2276 in
2077 2216 2341 2295 margine
2370 2216 2677 2276 annotavi-

484 2330 638 2374 mus.
722 2312 1026 2373 Interdum
1052 2312 1281 2371 elidunt
1316 2312 1358 2385 l,
1399 2321 1469 2373 ut
1494 2314 1551 2372 in
1579 2314 1769 2393 prima
1795 2332 1976 2373 scena
2006 2311 2266 2387 Andriae,
2309 2318 2328 2346 ⁴
2350 2312 2468 2371 Pro
2496 2329 2677 2371 uxore

483 2408 701 2469 habere
725 2408 882 2469 hanc
908 2410 1295 2489 peregrinam,
1336 2427 1451 2487 ego
1500 2409 1648 2469 illud
1699 2409 1908 2469 sedulo
1932 2408 1968 2467 ι’
2009 2419 2076 2467 ut
2117 2414 2134 2441 ⁴
2158 2407 2384 2486 grinam
2431 2424 2546 2485 ego
2595 2406 2677 2466 il·

482 2503 705 2563 saciant
732 2503 1055 2585 dactylum.
1138 2504 1312 2567 Hanc
1361 2502 1690 2567 libertatem
1721 2505 2057 2584 frequenter
2085 2514 2332 2583 usurpat
2359 2503 2674 2577 Homerus,

484 2598 627 2660 dum
670 2620 699 2659 s
736 2600 903 2660 elidit
942 2602 1005 2660 in
1032 2598 1325 2673 Ὀδυσεῦς,
1368 2602 1498 2674 etl,
1526 2603 1587 2660 in
1618 2602 1912 2681 Ἀχιλεύς.
1995 2602 2415 2681 Soepenumero
2440 2608 2676 2659 contra-

482 2694 703 2755 huntur
725 2696 983 2769 vocales,
1011 2697 1175 2756 velut
1206 2696 1265 2753 in
1292 2695 1408 2767 his,
1438 2703 1455 2729 ⁴
1478 2697 1631 2768 fuit,'
1665 2706 1682 2732 6
1709 2698 1914 2769 Deos,’
1941 2704 1959 2733 ⁴
1980 2696 2148 2770 dies,'
2179 2704 2198 2730 ⁴
2221 2696 2426 2765 meus,'
2453 2702 2470 2730 ⁴
2491 2696 2675 2770 suus,'

482 2797 499 2825 6
521 2790 718 2863 scias,'
744 2797 761 2825 6
786 2790 972 2862 nihil:
1005 2796 1023 2827 ⁴
1046 2789 1227 2861 mihi:
1270 2802 1335 2849 ut
1363 2790 1484 2849 sint
1508 2790 1940 2869 monosyllaba.
2025 2791 2302 2851 Similiter
2346 2797 2363 2825 6
2388 2791 2482 2861 ei,’
2529 2796 2546 2823 ⁴
2566 2790 2675 2848 hu-

471 2886 615 2965 ιῇιιιξ
644 2892 661 2919 6
678 2885 886 2964 cujus‚'
913 2883 1323 2965 monosyllaba
1350 2895 1652 2965 ponuntur
1678 2884 1928 2944 subinde
1952 2904 1968 2943 ε
2011 2892 2030 2919 6
2048 2886 2294 2957 eorum,’
2332 2893 2350 2919 ⁴
2373 2884 2675 2956 meorum,’

482 2979 828 3061 dissyllaba.
910 2987 928 3015 6
951 2980 1211 3039 Liberius
1240 2978 1474 3039 vivendi
1502 2980 1614 3038 fuit
1643 2988 1907 3058 potestas
1927 2980 1964 3039 :’
2007 2987 2024 3015 6
2047 2980 2108 3037 di
2137 2980 2249 3039 suit
2267 2979 2283 3003 ⁹
2322 2978 2466 3037 facit
2493 2997 2673 3058 spon-

481 3076 701 3138 daeum.
783 3085 802 3111 6
826 3077 995 3137 Scias
1020 3096 1200 3157 posse
1226 3076 1444 3137 habere
1465 3076 1585 3155 jam
1618 3076 1809 3155 ipsum
1833 3074 2000 3148 ευσεβ
2026 3078 2138 3134 &c.
2223 3080 2242 3109 6
2265 3073 2434 3132 Scias
2463 3092 2640 3150 posse
2657 3074 2675 3099 ’

478 3172 801 3254 spondaeus
830 3182 961 3233 est:
1004 3183 1066 3233 et
1112 3178 1130 3208 6
1151 3192 1277 3233 suae
1295 3172 1313 3205 ¹
1360 3171 1537 3232 unica
1575 3171 1806 3251 syllaba
1831 3182 1942 3231 est.
2027 3178 2047 3205 ⁴
2070 3170 2272 3230 Meum
2302 3177 2546 3247 gnatum
2575 3186 2672 3229 ru-

479 3288 607 3329 mor
634 3280 729 3329 est
773 3268 1012 3330 amare.’
1092 3276 1109 3305 ⁴
1133 3268 1339 3329 Meum
1382 3267 1540 3346 gna'
1580 3266 1902 3344 spondaeus
1948 3274 2060 3325 est.
2145 3264 2294 3323 Item
2341 3263 2634 3324 ‘antehac
2658 3263 2674 3289 ³

477 3365 867 3447 dissyllabum
916 3375 1010 3427 est
1034 3386 1049 3426 ε
1095 3373 1112 3401 6
1133 3365 1288 3425 Nam
1317 3362 1480 3443 quod
1510 3362 1762 3423 antehac
1789 3360 1970 3422 fecit.’
2051 3360 2410 3439 Frequenter
2435 3357 2674 3422 eliditur

482 3461 521 3520 d
553 3462 615 3520 in
655 3470 675 3497 6
699 3460 881 3541 quid‚’
920 3472 983 3523 et
1023 3472 1040 3497 6
1064 3460 1211 3523 sed’
1252 3479 1360 3540 pro
1384 3460 1595 3533 vocali,
1639 3468 1719 3532 et,
1761 3459 1916 3518 sicut
1959 3458 2022 3516 in
2063 3463 2081 3491 6
2103 3453 2461 3536 periculum'
2501 3452 2672 3515 elidi-

480 3575 613 3615 mus
661 3576 723 3629 n,
765 3556 920 3617 idem
968 3557 1065 3618 hic
1114 3558 1259 3617 facit
1302 3557 1361 3615 in
1427 3562 1446 3591 ⁴
1467 3554 1775 3634 paululum
1793 3552 1810 3579 ’
1851 3563 1913 3612 et
1953 3560 1970 3587 6
1995 3548 2318 3612 annulum.’
2399 3548 2560 3617 Quin
2611 3559 2674 3609 et

482 3650 730 3731 syllaboe
778 3652 1049 3729 quaedam
1109 3652 1277 3712 aliter
1334 3650 1810 3731 pronuntiantur,
1872 3667 2049 3728 quam
2099 3646 2258 3726 apud
2311 3646 2670 3705 recentiores

479 3758 779 3827 usurpato
828 3758 1006 3815 sunt:
1060 3749 1223 3808 velut
1272 3750 1331 3808 in
1374 3756 1391 3782 6
1420 3748 1678 3825 suspicio
1697 3746 1713 3771 '
1755 3744 2022 3805 secunda
2068 3742 2410 3825 producitur
2434 3759 2450 3798 z
2509 3738 2670 3800 uude

477 3846 699 3906 sactum
750 3854 862 3918 est,
904 3856 973 3904 ut
1012 3842 1253 3922 quidam
1294 3843 1500 3923 legant
1524 3843 1964 3919 suspectionem.
2048 3840 2307 3898 Rursum
2347 3836 2410 3894 in
2452 3842 2469 3870 6
2488 3834 2674 3907 cave,'

480 3948 497 3976 6
524 3941 699 4015 vale,’
746 3948 763 3975 6
783 3940 999 4013 mane,'
1024 3950 1087 4000 et
1113 3946 1129 3973 ‘
1150 3938 1251 3999 ubi
1270 3937 1287 3965 ’
1312 3938 1504 3998 finalis
1532 3936 1865 4016 corripitur.
1948 3934 2194 3995 Minimo
2219 3940 2518 3991 momento
2543 3948 2672 3988 mu‘-

480 4049 639 4098 tatur
670 4056 859 4118 genus
912 4035 1211 4109 carminis,
1252 4038 1414 4097 velut
1470 4034 1531 4093 in
1574 4044 1746 4095 actus
1787 4030 1980 4112 quarti
2028 4048 2210 4091 scena
2237 4046 2284 4086 ι.
2371 4026 2436 4085 Si
2481 4024 2668 4103 legas,

480 4139 499 4165 6
526 4134 595 4190 In
622 4131 977 4211 denegando
1004 4130 1183 4191 modo
1211 4131 1345 4208 quis
1372 4128 1563 4209 pudor
1606 4138 1704 4188 est
1737 4125 2082 4205 paululum,'
2123 4123 2380 4183 trimeter
2405 4130 2496 4182 est
2521 4120 2668 4178 iam-
