3234 4934
1196 425 1556 475 Tannum
1607 425 1811 476 vrrs.
2496 413 2585 480 33

564 573 660 634 Ob
687 571 888 634 florem
915 567 1108 629 aetatis
1135 587 1301 627 suae:
1341 569 1508 647 ipsus
1537 569 1787 631 sublatis
1814 570 1991 628 rebus
2016 567 2097 628 ad
2124 587 2409 630 summam
2428 576 2448 609 ⁵

559 672 825 750 Inopiam
848 665 1124 726 redactus
1152 674 1266 724 est.

557 767 765 845 Itaque
791 784 824 822 e
851 771 1174 843 conspectu
1193 761 1456 821 omnium
1486 761 1630 822 abiit
1676 761 1735 820 in
1766 761 2111 835 Graeciam,⁶
2150 763 2211 821 in
2250 773 2461 823 terram
2489 765 2577 823 ul-

718 861 939 920 timam.

559 959 832 1018 Mortuus
860 955 1038 1016 estin
1067 952 1434 1033 Stymphale,
1463 953 1737 1014 Arcadia
1764 956 1981 1035 oppido
2006 976 2021 1016 ε
2066 955 2209 1014 nihil
2239 955 2479 1018 Publius

557 1052 751 1131 Scipio
779 1049 1016 1131 profuit,
1043 1049 1188 1107 nihil
1215 1045 1308 1107 ei²
1339 1047 1578 1120 Laelius,
1609 1049 1752 1108 nihil
1784 1051 2031 1120 Furius;

553 1147 696 1206 Tres
725 1166 827 1224 per
853 1144 1009 1204 idem
1035 1154 1264 1223 tempus
1295 1143 1397 1221 qui
1427 1144 1733 1221 agitabant
1758 1145 1985 1205 nobiles
2015 1147 2310 1208 facillime.

557 1245 772 1303 Eorum
797 1241 898 1300 ille
925 1260 1106 1319 opera
1127 1261 1203 1298 ne
1228 1238 1467 1299 domum
1494 1241 1734 1318 quidem
1764 1241 1969 1301 habuit
1994 1242 2417 1303 conductitiam
2442 1265 2459 1304 z

555 1339 778 1399 Saltem
807 1346 874 1396 ut
900 1346 1080 1409 esset,
1110 1356 1228 1416 quo
1256 1335 1497 1395 referret
1524 1337 1749 1397 obitum
1779 1336 1998 1397 domini
2026 1340 2307 1400 servulus.

393 1475 644 1555 Scripsit
690 1471 1024 1534 Comoedias
1072 1492 1212 1538 sex:
1255 1491 1328 1534 ex
1371 1473 1580 1552 quibus
1629 1474 1877 1554 primam
1908 1473 2193 1534 Andriam
2226 1495 2359 1534 cum
2392 1475 2581 1538 aedili-

389 1576 510 1634 bus
539 1571 724 1644 daret,
754 1570 960 1649 jussus
1005 1578 1144 1629 ante
1180 1568 1417 1628 Coerio⁸
1469 1567 1737 1630 recitare.
1818 1569 1917 1628 Ad
1960 1581 2291 1630 coenantem
2316 1591 2451 1632 cum
2478 1593 2579 1632 ve-

392 1670 600 1742 nisset,
641 1666 832 1727 dictus
860 1676 974 1738 est,
1015 1665 1247 1725 initium
1276 1664 1517 1744 quidem
1549 1665 1597 1722 F
1600 1665 1822 1738 abulae,
1861 1665 2025 1744 quod
2050 1677 2176 1726 erat
2199 1668 2582 1728 contemtiore

390 1764 630 1836 vestitu,
671 1760 950 1821 subsellio
994 1760 1169 1840 juxta
1216 1759 1496 1819 lectulum
1551 1759 1816 1820 residens
1872 1761 2089 1840 legisse
2113 1780 2129 1820 t
2172 1773 2309 1839 post
2354 1783 2579 1841 paucos

391 1879 530 1922 vero
555 1877 760 1919 versus
787 1857 1089 1930 invitatus,
1118 1868 1184 1916 ut
1212 1857 1604 1929 accumberet,
1641 1876 1907 1916 coenasse
1938 1876 2056 1916 una
2080 1877 2097 1925 ;
2143 1856 2355 1916 deinde
2383 1869 2581 1920 cetera

391 1955 768 2036 percurrisse,
809 1973 928 2013 non
958 1954 1085 2012 sine
1113 1973 1330 2031 magna
1358 1953 1535 2012 Caerii
1563 1953 1971 2015 admiratione.
2056 1954 2132 2012 Et
2178 1953 2333 2013 hanc
2362 1965 2577 2028 autem,

389 2061 451 2111 et
471 2051 730 2130 quinque
758 2048 1012 2128 reliquas
1035 2048 1339 2128 aequaliter
1367 2050 1586 2129 populo
1615 2050 1921 2128 probavit;
1949 2047 2213 2127 quamvis
2236 2050 2581 2110 Volcatius⁹
2626 2121 2633 2127 ¹

389 2146 466 2206 de
495 2145 934 2206 enumeratione
961 2145 1222 2204 omnium
1267 2145 1350 2203 ita
1394 2145 1612 2205 scribat
1637 2165 1652 2204 :
1697 2152 1713 2180 ‘
1744 2146 2017 2205 Sumetur
2048 2144 2284 2224 Hecyra
2311 2155 2478 2204 sexta
2505 2165 2578 2204 ex

387 2242 480 2302 his
513 2239 784 2301 Fabula.'

471 2337 792 2399 Eunuchus
818 2335 1060 2414 quidem
1091 2337 1182 2394 bis
1209 2335 1303 2396 die
1333 2346 1468 2396 aeta
1495 2345 1623 2404 esu
1648 2335 1975 2413 meruitque
2001 2336 2273 2415 pretium,
2294 2345 2579 2414 quantum

389 2433 553 2494 nulla
596 2443 773 2492 antea
819 2431 1161 2510 cujusquam
1209 2429 1536 2504 Comoedia,
1589 2431 1653 2490 id
1705 2441 1817 2504 est,
1866 2440 2002 2490 octo
2030 2429 2213 2490 millia
2239 2450 2576 2499 nummum:

385 2539 694 2608 propterea
743 2546 971 2588 summa
1027 2545 1261 2604 quoque
1308 2524 1482 2585 titulo
1535 2527 1865 2585 ascribitur.
1970 2527 2124 2584 Nam
2175 2525 2579 2606 Adelphorum

385 2623 729 2705 principium
757 2621 946 2681 Varro
975 2622 1150 2680 etiam
1176 2621 1412 2700 praefert
1436 2621 1724 2700 principio
1753 2619 2089 2680 Menandri.
2161 2621 2296 2680 Non
2326 2622 2579 2681 obscura

387 2720 546 2780 fama
571 2728 682 2790 est,
726 2717 993 2797 adjutum
1019 2716 1354 2776 Terentium
1384 2716 1444 2774 in
1475 2717 1707 2796 scriptis
1738 2735 1774 2774 a
1801 2715 1982 2775 Laelio
2011 2725 2073 2775 et
2108 2716 2399 2796 Scipione,
2446 2717 2577 2794 qui·

387 2817 630 2875 buscum
657 2811 1016 2872 familiariter
1045 2811 1209 2871 vixit.
1291 2811 1556 2870 Eandem
1607 2812 1733 2890 ipse
1784 2811 1964 2870 auxit.
2050 2811 2369 2891 Nunquam
2400 2813 2574 2884 enim,

389 2910 500 2970 nisi
529 2909 753 2981 leviter,
797 2929 860 2968 se
890 2906 1067 2968 tutari
1097 2917 1364 2980 conatur,
1393 2917 1460 2966 ut
1485 2908 1544 2966 in
1576 2905 1833 2984 Prologo
1863 2907 2296 2985 Adelphorum:

629 3054 803 3125 Nam,
831 3051 992 3130 quod
1021 3051 1118 3110 isti
1143 3050 1348 3110 dicunt
1375 3050 1669 3122 malevoli,
1698 3050 1969 3109 homines
1997 3049 2225 3108 nobiles

625 3149 803 3208 Hunc
831 3147 1118 3227 adjutare,
1145 3147 1502 3225 assidueque
1529 3165 1650 3206 una
1678 3146 1929 3206 scribere
1954 3165 1969 3203 ε

448 3331 479 3376 5
517 3325 667 3390 0⁶11.
698 3326 804 3390 ξω]
851 3323 1008 3374 Hunc
1047 3328 1104 3372 et
1140 3328 1442 3388 sequentem
1524 3321 1752 3370 Gmcia.
1786 3321 1936 3372 Both.
2002 3322 2105 3374 Qui
2146 3321 2339 3372 omittit
2371 3322 2425 3371 in
2455 3328 2575 3372 ante

383 3415 589 3452 versum
621 3402 789 3450 West.
829 3399 961 3450 duce
994 3398 1182 3460 Fumo,
1213 3397 1265 3446 in
1289 3412 1442 3446 unum
1523 3395 1853 3448 ‘Gracina’

381 3483 709 3528 contractum
731 3475 844 3525 edit
865 3475 982 3525 sic:
1019 3473 1096 3524 Ob
1117 3473 1294 3537 florem
1327 3477 1443 3520 αω-
1585 3477 1616 3520 ’1
1652 3472 1745 3535 Ei]
1796 3473 1972 3536 Vulgo
2005 3470 2225 3537 ἂμέτρω.
2262 3473 2411 3523 Boea.
2476 3473 2578 3526 Qui

383 3547 1444 3612 tismzudunmunsinopiamreducm
1522 3544 1719 3596 (lateii.

379 3633 474 3679 est.
505 3627 668 3676 Ζοιιιι.
735 3627 894 3691 Vulg.
947 3627 1079 3676 Duas
1109 3639 1160 3674 ss
1194 3624 1348 3672 anm-i
1380 3623 1439 3671 ab
1583 3624 1616 3669 8
1654 3619 1833 3683 σαι-ἑο]
1863 3621 2026 3672 West.
2050 3628 2199 3672 recte
2220 3621 2388 3672 edidit
2424 3624 2576 3672 Caci-

378 3704 710 3754 munau:
743 3703 878 3769 quod
913 3702 1063 3754 futile
1095 3703 1342 3767 glossema
1363 3714 1442 3749 se·
1519 3697 1604 3759 lio,
1637 3705 1697 3746 nt
1718 3697 1872 3761 paulo
1896 3704 2018 3761 post
2038 3699 2236 3749 Coecitii.
2269 3699 2433 3748 Zeun.

381 3778 670 3845 quentium.
701 3778 850 3830 Both.
913 3778 1018 3832 Qui
1053 3778 1148 3828 hos
1186 3785 1294 3826 tres
1335 3791 1440 3826 vss.
1583 3778 1617 3822 9
1642 3771 1903 3834 Volcatius]
1924 3773 2068 3824 Volc.
2090 3773 2369 3838 Sedigitas,
2391 3772 2457 3822 de
2474 3787 2576 3836 quo

380 3855 460 3905 sie
482 3853 707 3918 redigit:
741 3855 873 3904 Dm
890 3869 941 3904 ss
976 3855 1087 3918 rapi
1117 3853 1171 3902 in
1205 3853 1443 3903 Albanum
1522 3849 1661 3899 Geli.
1686 3848 1840 3898 N.A.
1865 3863 1959 3898 xv·
1980 3853 2065 3898 24.
2118 3849 2310 3898 Versus
2331 3847 2465 3897 hand
2489 3847 2581 3896 du-

380 3929 546 3981 culn
564 3929 725 3980 etatis
742 3929 986 3994 obstet-en
1001 3944 1129 3979 sua:
1164 3929 1299 3992 Ipsus
1317 3929 1444 3978 latis
1520 3924 1606 3974 bie
1630 3925 1861 3990 prolatus
1882 3939 1947 3974 ex
1968 3925 2106 3975 illius
2136 3925 2275 3975 libro
2298 3925 2364 3975 de
2388 3924 2575 3988 poetis,

379 4005 520 4056 robus
571 4019 804 4055 mm
854 4008 918 4055 ud
968 4005 1176 4068 &uspiam
1226 4005 1442 4054 reductus
1518 3999 1753 4050 iambicis
1774 4001 1992 4051 senariis
2018 4001 2329 4064 conscripto.
2399 4001 2578 4051 Quare

375 4086 470 4131 ese.
1521 4079 1781 4141 vulgatum
1833 4077 1908 4126 Itis
1961 4093 2055 4142 pro
2108 4077 2234 4127 hisce
2274 4075 2573 4128 mendosum

445 4159 480 4206 6
513 4157 574 4206 In
596 4157 688 4221 G.]
722 4155 893 4220 Vulgo
925 4156 979 4206 in
1008 4157 1076 4204 G.
1094 4155 1146 4204 in
1169 4159 1269 4206 tm.
1291 4155 1438 4219 qussi
1515 4152 1756 4204 arbitror.
1788 4153 1937 4203 Boas.

381 4231 564 4282 mirum
612 4239 858 4297 quantum
902 4231 1110 4282 abesset
1162 4230 1228 4280 ab
1285 4229 1438 4280 ltalia

510 4311 684 4374 Delpk.
704 4315 752 4362 st
776 4309 892 4362 γαν.
912 4311 1038 4360 Clas.
1369 4308 1557 4358 Terent.
2400 4307 2442 4356 C
