3234 4934
779 841 1388 937 ELOGIA
1487 846 2263 937 VETERUM

1029 1106 1158 1171 DE
1200 1104 1416 1173 PUB.
1459 1106 2017 1173 TERENT10.†

761 1556 1005 1639 Varro,
1031 1558 1483 1641 Parmenone3
1527 1559 1805 1625 Nonius
1830 1560 1921 1638 in,
1949 1559 2270 1625 Poscere.

419 1642 526 1733 ῙΝ
589 1671 998 1752 argumentis
1045 1667 1361 1735 Caecilius
1405 1670 1628 1753 poscit
1672 1670 2006 1754 palmam3
2060 1671 2129 1737 in
2171 1671 2429 1737 ethesin
2474 1669 2613 1737 Te·

419 1769 706 1853 rentius3
750 1771 819 1835 in
847 1771 1264 1836 sermonibus
1294 1768 1614 1836 Plautus.

482 1961 506 2007 t
537 1950 601 2002 Iu
618 1952 698 2003 bis
706 1951 922 2017 judiciis
943 1950 1180 2019 quadam
1201 1966 1268 2001 ne
1293 1950 1474 2002 absur-

418 2024 584 2077 ditate
597 2027 805 2093 quidem
827 2034 1038 2078 carent:
1074 2028 1226 2093 quale
1249 2026 1474 2077 Vulcatii

415 2100 638 2167 Sedigiti
679 2102 886 2167 pridem
940 2101 1108 2153 doctis
1157 2102 1321 2151 visum
1376 2108 1475 2153 est.

413 2176 432 2205 ⁸
455 2177 736 2242 Elegantia
777 2176 1067 2243 sermonis,’
1126 2184 1182 2227 et
1233 2176 1252 2205 ‘
1267 2174 1474 2239 mores,’

415 2266 667 2304 consensu
700 2252 1028 2304 tribuuntur:
1062 2253 1224 2305 etiam
1261 2260 1278 2282 ⁸
1297 2266 1380 2303 ars
1418 2259 1476 2303 et

412 2328 570 2379 metri
619 2326 918 2393 diligentia!
979 2328 1043 2378 Iu
1088 2327 1108 2357 ⁸
1129 2325 1472 2391 argumentis’

412 2404 540 2471 quid
564 2405 738 2456 valeat
754 2403 973 2455 subinde
991 2402 1300 2455 videbimus.
1337 2404 1474 2454 Dix-

410 2478 543 2529 imus
567 2487 742 2531 autem
763 2486 938 2543 antea,
966 2478 1105 2531 alind
1136 2480 1295 2544 vulgi,
1333 2479 1473 2530 aliud

413 2554 732 2606 eruditorum
762 2557 831 2606 de
858 2555 1040 2606 Poetis
1068 2554 1326 2619 judicium
1344 2569 1474 2607 esse.

411 2630 596 2694 Certe,
633 2632 812 2697 siquis
834 2630 1092 2694 attendat,
1113 2631 1327 2682 Horatii
1359 2642 1474 2682 ver·

409 2717 496 2755 sus
517 2704 683 2769 allati,
720 2706 862 2771 vulgi
891 2705 1220 2770 sententiam,
1253 2720 1356 2757 non
1393 2706 1474 2771 ip·

412 2780 538 2844 sius,
578 2782 764 2831 summi
793 2795 918 2833 sane
948 2780 1146 2846 Critici,
1163 2782 1474 2846 exprimunt.

412 2853 552 2907 Quid
582 2856 724 2906 enim
755 2856 870 2922 ipse
891 2855 1238 2908 admiraretur
1254 2858 1307 2907 in
1329 2858 1470 2922 prin-

410 2930 530 2995 cipe
552 2932 897 2993 comicorum,
917 2933 1086 2983 noluit
1109 2932 1349 2998 cuiquam
1380 2948 1469 2983 oc-

411 3007 609 3056 cultum
631 3020 762 3057 esse.
826 3008 940 3071 Ipsi
957 3005 1152 3057 eruditi
1175 3014 1376 3057 tantum
1391 3007 1468 3057 in-

415 3088 498 3131 ter
519 3096 578 3133 se
595 3097 698 3133 non
724 3082 1021 3147 discrepare
1057 3081 1395 3147 videbuntur,
1427 3084 1470 3135 si

412 3158 637 3223 singulos
651 3158 960 3224 iutueamur,
981 3158 1104 3224 quin
1126 3158 1277 3208 unius
1311 3165 1368 3208 et
1398 3158 1470 3209 al-

413 3234 579 3285 terius
621 3233 882 3284 sententia
921 3241 1212 3284 ceterorum
1244 3232 1468 3283 auctori-

414 3314 526 3360 tate
561 3310 713 3360 obrui
752 3319 928 3375 queat.
989 3308 1074 3358 De
1103 3307 1329 3359 Horatio
1362 3309 1469 3359 dio-

411 3391 520 3435 tnm
541 3392 642 3435 est:
669 3398 820 3451 quem
834 3398 934 3435 non
958 3384 1108 3449 legit,
1126 3383 1466 3435 multominus

408 3460 751 3511 Terentianus
779 3462 834 3511 in
865 3476 930 3511 eo
950 3460 1266 3512 imitationes
1295 3460 1467 3511 obser·

411 3534 572 3598 ravit,
593 3536 682 3599 qui
701 3534 767 3584 ad
789 3534 1107 3600 interpretes
1130 3534 1228 3585 sibi
1241 3534 1322 3585 bic
1343 3550 1468 3585 eun-

413 3608 536 3659 dum
550 3610 832 3661 existimat.
853 3610 1026 3661 Servii
1049 3611 1333 3663 auctoritas
1355 3618 1468 3663 tau-

413 3684 456 3735 ti
491 3698 596 3735 uon
628 3691 732 3747 est,
760 3691 822 3734 ut
855 3687 971 3735 loeo
1003 3686 1219 3737 rationis
1238 3701 1352 3738 esse
1380 3686 1469 3738 de-

409 3760 554 3812 beat.
617 3760 808 3813 Nonne
843 3760 982 3810 enim
1009 3762 1174 3810 multa
1196 3768 1332 3825 sunt,
1353 3776 1470 3827 qum

413 3834 717 3889 eruditionis
733 3836 924 3901 potius,
939 3849 1090 3900 quam
1105 3834 1296 3899 judieii
1309 3836 1470 3888 facul-

414 3919 578 3977 tatem
605 3913 660 3964 in
698 3928 763 3964 eo
798 3910 1157 3965 Grammatico
1173 3912 1469 3963 testantur?

1555 1950 1711 2000 simos
1724 1956 1983 2001 accurata
2002 1952 2199 2002 criticas
2216 1966 2455 2003 successu
2474 1952 2615 2003 omui

1554 2038 1669 2075 ωηο
1706 2025 2013 2089 prestitisse
2066 2027 2291 2089 ignorat,
2322 2026 2467 2077 illum
2506 2028 2615 2091 ple·

1553 2112 1717 2163 raque
1753 2100 2014 2150 interioris
2067 2100 2319 2151 doctrinm
2370 2100 2619 2165 mysteria

1551 2171 1757 2237 fugiant
1777 2188 1988 2223 necesse
2008 2180 2107 2224 est.
2150 2172 2273 2224 Non
2294 2172 2484 2225 sufficit
2500 2189 2615 2225 eru-

1552 2248 1702 2307 ditio,
1722 2264 1837 2314 quae
1859 2246 2227 2299 confidentiam
2256 2262 2490 2315 persaepe
2524 2266 2617 2315 ge-

1552 2334 1737 2389 nerat;
1773 2338 1834 2377 ut
1856 2328 1971 2391 plus
2010 2328 2138 2377 satis
2176 2328 2365 2392 promti
2392 2327 2518 2392 sint,
2546 2328 2613 2378 ad

1552 2403 2008 2469 pronuntiandum,
2030 2404 2119 2468 qui
2140 2402 2384 2453 Auctoris
2406 2405 2616 2469 genium

1553 2478 1781 2529 nondum
1819 2478 2237 2544 perdidicerunt:
2274 2492 2339 2529 ne
2363 2478 2529 2529 dicam
2548 2478 2617 2531 de

1554 2554 1875 2619 pervulgatis
1915 2554 2265 2619 opinionibus,
2303 2570 2419 2621 qun
2474 2556 2615 2606 baud

1554 2644 1675 2682 raro
1708 2631 1925 2681 exirnias
1949 2645 2153 2697 quoque
2199 2639 2401 2682 mentes
2428 2632 2614 2683 dever-

1557 2713 1716 2757 tunt:
1758 2720 1878 2756 cum
1915 2706 2227 2771 praesertim,
2269 2706 2407 2772 quod
2453 2707 2615 2773 probe

1555 2781 1859 2846 notandum,
1887 2779 1956 2830 de
1994 2780 2146 2832 Nova
2183 2782 2447 2833 Comoedia
2472 2784 2616 2847 judi-

1551 2858 1762 2921 caturis,
1804 2862 2077 2921 respectus
2132 2856 2345 2907 Veteris
2394 2859 2615 2911 subinde

1549 2932 1807 2994 obstaret,
1850 2932 2176 2997 animumque
2208 2932 2414 2983 divorse
2442 2936 2617 2986 trabe-

1550 3013 1654 3057 ret.
1695 3006 1889 3057 Dicam
1910 3006 2137 3057 iterumz
2172 3006 2411 3058 Accedat
2438 3010 2518 3059 vir
2536 3012 2617 3063 iu·

1550 3083 1703 3145 genio
1725 3088 1783 3132 et
1803 3081 2042 3132 doctrina
2060 3084 2522 3146 praestantissimus
2545 3086 2615 3137 ad

1551 3154 1819 3206 ferendam
1840 3156 1994 3221 paulo
2015 3156 2327 3220 explicatius
2343 3157 2411 3208 de
2428 3173 2613 3223 magno

1550 3231 1725 3296 aliquo
1739 3239 1796 3282 et
1812 3228 2050 3296 perfecto
2066 3245 2134 3282 ex
2148 3231 2429 3283 Veteribus
2444 3234 2615 3287 Poeta

1547 3306 1897 3357 sententiam:
1953 3304 2053 3356 nisi
2092 3306 2283 3358 iterum
2322 3308 2615 3377 iterumque

1548 3381 1813 3449 relegerit,
1823 3380 1921 3431 nisi
1933 3380 2246 3445 cogitaverit
2258 3381 2614 3450 subtilissime,

1549 3475 1613 3511 ac
1635 3459 1873 3525 exegerit
1908 3458 2111 3524 singula
2137 3459 2503 3529 attentissime,
2533 3460 2614 3513 fa·

1549 3537 1651 3589 cile
1690 3536 1827 3587 linea
1871 3535 2099 3585 excidet.
2164 3534 2497 3587 Documenta
2516 3550 2610 3589 uo-

1548 3613 1717 3664 lumus
1744 3613 1859 3677 jam
1898 3610 1998 3661 ulsi
2029 3624 2097 3660 ex
2135 3610 2370 3675 proximo
2410 3616 2610 3675 petere.

1550 3690 1702 3742 Sicut
1723 3688 1964 3741 acerrimi
1994 3688 2073 3738 vir
2086 3687 2278 3752 ingenii
2302 3688 2610 3741 Franciscus

1551 3766 1780 3818 Guietus
1801 3778 1971 3828 nuper
1990 3760 2289 3826 admodum,
2322 3762 2609 3813 rectissime

1548 3848 1604 3893 et
1622 3838 1919 3891 felicissime
1955 3839 2239 3903 amplexus·
2256 3836 2460 3888 Afranii
2489 3852 2609 3887 sen-

1550 3914 1790 3975 teutiam,
1808 3913 1825 3942 ⁸
1843 3926 2019 3962 omnes
2040 3912 2262 3962 omnium
2279 3912 2607 3963 Comicorum

413 3988 606 4044 Fabius
630 3990 981 4043 Quintilianus
1003 3990 1160 4053 pleno
1180 3985 1358 4037 laudat
1378 4000 1467 4039 ore
1544 3986 1599 4038 in
1611 4000 1717 4038 uno
1736 3986 1983 4038 Terentio
2003 3988 2232 4038 eminere
2255 3983 2608 4049 virtutes,'Ju-

413 4066 748 4131 Terentium3
771 4066 872 4117 nisi
895 4064 1036 4132 quod
1059 4064 1269 4115 incaute
1289 4060 1358 4112 de
1377 4062 1468 4113 tri·
1544 4063 1774 4126 dicavit3
1810 4062 1886 4113 ita
1909 4062 2182 4127 superiore
2204 4060 2417 4122 seculo,
2444 4060 2607 4112 nolle·

413 4142 594 4192 metris
603 4142 776 4194 addit:
794 4140 1048 4193 refutatus
1063 4138 1250 4191 merito
1264 4152 1295 4188 a
1305 4138 1468 4189 Geor·

413 4215 499 4279 gio
535 4218 791 4271 Fabricio.
854 4218 1123 4281 Ceterum,
1158 4215 1248 4281 qui
1266 4215 1470 4280 paucis·

1545 4154 1661 4192 mus
1695 4153 1893 4190 summo
1932 4138 2064 4202 viro,
2098 4142 2156 4187 et
2184 4134 2323 4201 quod
2345 4140 2505 4200 caput
2526 4136 2604 4187 rei

1549 4223 1648 4275 est,
1685 4211 2014 4281 κρπικυτότᾳ,
2046 4211 2187 4265 sulio
2238 4209 2499 4275 scaligero
2538 4226 2603 4263 ea
