<?xml version="1.0" encoding="UTF-8"?>
<!DOCTYPE html PUBLIC "-//W3C//DTD XHTML 1.0 Transitional//EN"
    "http://www.w3.org/TR/xhtml1/DTD/xhtml1-transitional.dtd">
<html xmlns="http://www.w3.org/1999/xhtml" xml:lang="en" lang="en">
 <head>
  <title>
</title>
<meta http-equiv="Content-Type" content="text/html;charset=utf-8" />
  <meta name='ocr-system' content='tesseract 3.04.00' />
  <meta name='ocr-capabilities' content='ocr_page ocr_carea ocr_par ocr_line ocrx_word'/>
</head>
<body>
  <div class='ocr_page' id='page_1' title='image "./comoedisex10westgoog_0259.png"; bbox 0 0 3234 4934; ppageno 0'>
   <div class='ocr_carea' id='block_1_1' title="bbox 1005 383 2605 450">
    <p class='ocr_par' dir='ltr' id='par_1_1' title="bbox 1005 383 2605 450">
     <span class='ocr_line' id='line_1_1' title="bbox 1005 383 2605 450; baseline 0.003 -5"><span class='ocrx_word' id='word_1_1' title='bbox 1005 397 1106 445; x_wconf 74' lang='lat' dir='ltr'><strong>ns</strong></span> <span class='ocrx_word' id='word_1_2' title='bbox 1149 397 1430 447; x_wconf 70' lang='lat' dir='ltr'><strong>nuruis</strong></span> <span class='ocrx_word' id='word_1_3' title='bbox 1474 395 2013 447; x_wconf 68' lang='lat' dir='ltr'><strong>mnam-mnis.</strong></span> <span class='ocrx_word' id='word_1_4' title='bbox 2476 383 2605 450; x_wconf 82' lang='lat'><strong>251</strong></span> 
     </span>
    </p>
   </div>
   <div class='ocr_carea' id='block_1_2' title="bbox 413 534 2611 809">
    <p class='ocr_par' dir='ltr' id='par_1_2' title="bbox 413 534 2611 809">
     <span class='ocr_line' id='line_1_2' title="bbox 414 534 2610 618; baseline 0.001 -21"><span class='ocrx_word' id='word_1_5' title='bbox 414 555 526 599; x_wconf 81' lang='lat' dir='ltr'><strong>suo</strong></span> <span class='ocrx_word' id='word_1_6' title='bbox 555 534 888 615; x_wconf 73' lang='lat' dir='ltr'><strong>assignant,</strong></span> <span class='ocrx_word' id='word_1_7' title='bbox 910 554 1104 615; x_wconf 83' lang='lat' dir='ltr'><strong>pauca</strong></span> <span class='ocrx_word' id='word_1_8' title='bbox 1131 536 1308 597; x_wconf 77' lang='lat' dir='ltr'><strong>etiam</strong></span> <span class='ocrx_word' id='word_1_9' title='bbox 1332 536 1629 597; x_wconf 85' lang='lat' dir='ltr'><strong>Terentio.</strong></span> <span class='ocrx_word' id='word_1_10' title='bbox 1716 536 1847 597; x_wconf 76' lang='lat' dir='ltr'><strong>Nos</strong></span> <span class='ocrx_word' id='word_1_11' title='bbox 1872 556 2067 617; x_wconf 80' lang='lat' dir='ltr'><strong>pauca</strong></span> <span class='ocrx_word' id='word_1_12' title='bbox 2090 537 2195 597; x_wconf 81' lang='lat' dir='ltr'><strong>illa</strong></span> <span class='ocrx_word' id='word_1_13' title='bbox 2206 536 2333 617; x_wconf 83' lang='lat' dir='ltr'><strong>jam</strong></span> <span class='ocrx_word' id='word_1_14' title='bbox 2360 537 2610 618; x_wconf 80' lang='lat' dir='ltr'><strong>ejuravi-</strong></span> 
     </span>
     <span class='ocr_line' id='line_1_3' title="bbox 413 631 2611 713; baseline 0.002 -20"><span class='ocrx_word' id='word_1_15' title='bbox 413 652 586 701; x_wconf 83' lang='lat' dir='ltr'><strong>mus;</strong></span> <span class='ocrx_word' id='word_1_16' title='bbox 631 631 708 693; x_wconf 87' lang='lat' dir='ltr'><strong>de</strong></span> <span class='ocrx_word' id='word_1_17' title='bbox 751 632 1070 693; x_wconf 73' lang='lat' dir='ltr'>innumeris</span> <span class='ocrx_word' id='word_1_18' title='bbox 1117 632 1258 691; x_wconf 84' lang='lat' dir='ltr'><strong>olim</strong></span> <span class='ocrx_word' id='word_1_19' title='bbox 1304 632 1560 692; x_wconf 79' lang='lat' dir='ltr'><strong>fortasse</strong></span> <span class='ocrx_word' id='word_1_20' title='bbox 1605 632 1925 693; x_wconf 76' lang='lat' dir='ltr'>curabitur.</span> <span class='ocrx_word' id='word_1_21' title='bbox 2028 634 2285 707; x_wconf 76' lang='lat' dir='ltr'><strong>Interea,</strong></span> <span class='ocrx_word' id='word_1_22' title='bbox 2324 634 2469 713; x_wconf 84' lang='lat' dir='ltr'><strong>quid</strong></span> <span class='ocrx_word' id='word_1_23' title='bbox 2514 636 2611 697; x_wconf 85' lang='lat' dir='ltr'><strong>hic</strong></span> 
     </span>
     <span class='ocr_line' id='line_1_4' title="bbox 415 728 1628 809; baseline 0.001 -21"><span class='ocrx_word' id='word_1_24' title='bbox 415 728 612 789; x_wconf 87' lang='lat' dir='ltr'><strong>Plauti</strong></span> <span class='ocrx_word' id='word_1_25' title='bbox 637 728 810 789; x_wconf 77' lang='lat' dir='ltr'><strong>locus</strong></span> <span class='ocrx_word' id='word_1_26' title='bbox 837 729 947 789; x_wconf 87' lang='lat' dir='ltr'><strong>sibi</strong></span> <span class='ocrx_word' id='word_1_27' title='bbox 976 729 1260 809; x_wconf 75' lang='lat' dir='ltr'><strong>postulet,</strong></span> <span class='ocrx_word' id='word_1_28' title='bbox 1286 730 1628 797; x_wconf 83' lang='lat' dir='ltr'><strong>videamus;</strong></span> 
     </span>
    </p>
   </div>
   <div class='ocr_carea' id='block_1_3' title="bbox 579 864 2291 946">
    <p class='ocr_par' dir='ltr' id='par_1_3' title="bbox 579 864 2291 946">
     <span class='ocr_line' id='line_1_5' title="bbox 579 864 2291 946; baseline 0.002 -22"><span class='ocrx_word' id='word_1_29' title='bbox 579 864 730 933; x_wconf 78' lang='lat' dir='ltr'><strong>Quoe</strong></span> <span class='ocrx_word' id='word_1_30' title='bbox 759 864 953 944; x_wconf 70' lang='lat' dir='ltr'><strong>neque</strong></span> <span class='ocrx_word' id='word_1_31' title='bbox 980 864 1188 927; x_wconf 78' lang='lat' dir='ltr'><strong>futura</strong></span> <span class='ocrx_word' id='word_1_32' title='bbox 1215 864 1506 946; x_wconf 73' lang='lat' dir='ltr'><strong>necsacta</strong></span> <span class='ocrx_word' id='word_1_33' title='bbox 1532 872 1696 939; x_wconf 75' lang='lat' dir='ltr'><strong>sunt,</strong></span> <span class='ocrx_word' id='word_1_34' title='bbox 1736 875 1935 926; x_wconf 87' lang='lat' dir='ltr'><strong>tamen</strong></span> <span class='ocrx_word' id='word_1_35' title='bbox 1963 864 2049 926; x_wconf 81' lang='lat' dir='ltr'><strong>illi</strong></span> <span class='ocrx_word' id='word_1_36' title='bbox 2073 868 2291 927; x_wconf 88' lang='lat' dir='ltr'><strong>sciunt.</strong></span> 
     </span>
    </p>
   </div>
   <div class='ocr_carea' id='block_1_4' title="bbox 415 992 2627 1746">
    <p class='ocr_par' dir='ltr' id='par_1_4' title="bbox 415 992 2627 1746">
     <span class='ocr_line' id='line_1_6' title="bbox 422 992 2617 1079; baseline 0.001 -25"><span class='ocrx_word' id='word_1_37' title='bbox 422 994 539 1056; x_wconf 90' lang='lat' dir='ltr'><strong>Hic</strong></span> <span class='ocrx_word' id='word_1_38' title='bbox 565 995 701 1055; x_wconf 80' lang='lat' dir='ltr'><strong>duoe</strong></span> <span class='ocrx_word' id='word_1_39' title='bbox 731 992 930 1073; x_wconf 80' lang='lat' dir='ltr'><strong>longae</strong></span> <span class='ocrx_word' id='word_1_40' title='bbox 956 995 1350 1074; x_wconf 87' lang='lat' dir='ltr'><strong>corripiuntur</strong></span> <span class='ocrx_word' id='word_1_41' title='bbox 1365 1015 1384 1065; x_wconf 68' lang='grc' dir='ltr'>ς</span> <span class='ocrx_word' id='word_1_42' title='bbox 1429 992 1548 1055; x_wconf 90' lang='lat' dir='ltr'><strong>duo</strong></span> <span class='ocrx_word' id='word_1_43' title='bbox 1575 993 1779 1055; x_wconf 83' lang='lat' dir='ltr'><strong>cretici</strong></span> <span class='ocrx_word' id='word_1_44' title='bbox 1806 994 2069 1069; x_wconf 81' lang='lat' dir='ltr'><strong>veniunt,</strong></span> <span class='ocrx_word' id='word_1_45' title='bbox 2109 1015 2230 1074; x_wconf 87' lang='lat' dir='ltr'><strong>quo</strong></span> <span class='ocrx_word' id='word_1_46' title='bbox 2258 1016 2333 1056; x_wconf 87' lang='lat' dir='ltr'><strong>ne</strong></span> <span class='ocrx_word' id='word_1_47' title='bbox 2362 996 2617 1079; x_wconf 78' lang='lat' dir='ltr'><strong>dactylis</strong></span> 
     </span>
     <span class='ocr_line' id='line_1_7' title="bbox 421 1089 2619 1171; baseline 0.002 -20"><span class='ocrx_word' id='word_1_48' title='bbox 421 1089 685 1171; x_wconf 87' lang='lat' dir='ltr'><strong>quidem,</strong></span> <span class='ocrx_word' id='word_1_49' title='bbox 728 1091 778 1149; x_wconf 91' lang='lat' dir='ltr'><strong>si</strong></span> <span class='ocrx_word' id='word_1_50' title='bbox 819 1109 1018 1151; x_wconf 84' lang='lat' dir='ltr'><strong>aurem</strong></span> <span class='ocrx_word' id='word_1_51' title='bbox 1060 1091 1372 1166; x_wconf 81' lang='lat' dir='ltr'><strong>habemus,</strong></span> <span class='ocrx_word' id='word_1_52' title='bbox 1412 1091 1610 1151; x_wconf 84' lang='lat' dir='ltr'><strong>venire</strong></span> <span class='ocrx_word' id='word_1_53' title='bbox 1654 1090 1745 1149; x_wconf 78' lang='lat' dir='ltr'><strong>fas</strong></span> <span class='ocrx_word' id='word_1_54' title='bbox 1789 1100 1903 1151; x_wconf 89' lang='lat' dir='ltr'><strong>est.</strong></span> <span class='ocrx_word' id='word_1_55' title='bbox 1986 1090 2195 1151; x_wconf 81' lang='lat' dir='ltr'>Hosne</span> <span class='ocrx_word' id='word_1_56' title='bbox 2238 1111 2511 1153; x_wconf 87' lang='lat' dir='ltr'><strong>numeros</strong></span> <span class='ocrx_word' id='word_1_57' title='bbox 2551 1106 2619 1155; x_wconf 84' lang='lat' dir='ltr'><strong>ut</strong></span> 
     </span>
     <span class='ocr_line' id='line_1_8' title="bbox 421 1183 2619 1267; baseline 0 -20"><span class='ocrx_word' id='word_1_58' title='bbox 421 1186 796 1248; x_wconf 79' lang='lat' dir='ltr'><strong>laudaverint</strong></span> <span class='ocrx_word' id='word_1_59' title='bbox 821 1183 1106 1248; x_wconf 84' lang='lat' dir='ltr'><strong>Pisonum</strong></span> <span class='ocrx_word' id='word_1_60' title='bbox 1133 1188 1378 1267; x_wconf 71' lang='lat' dir='ltr'><strong>proavi?</strong></span> <span class='ocrx_word' id='word_1_61' title='bbox 1413 1187 1546 1267; x_wconf 86' lang='lat' dir='ltr'><strong>quis</strong></span> <span class='ocrx_word' id='word_1_62' title='bbox 1573 1186 1884 1247; x_wconf 83' lang='lat' dir='ltr'><strong>comoedus</strong></span> <span class='ocrx_word' id='word_1_63' title='bbox 1911 1196 2097 1259; x_wconf 88' lang='lat' dir='ltr'><strong>actor,</strong></span> <span class='ocrx_word' id='word_1_64' title='bbox 2124 1206 2199 1247; x_wconf 90' lang='lat' dir='ltr'><strong>ne</strong></span> <span class='ocrx_word' id='word_1_65' title='bbox 2225 1188 2352 1265; x_wconf 84' lang='lat' dir='ltr'><strong>ipse</strong></span> <span class='ocrx_word' id='word_1_66' title='bbox 2378 1189 2619 1267; x_wconf 85' lang='lat' dir='ltr'><strong>quidem</strong></span> 
     </span>
     <span class='ocr_line' id='line_1_9' title="bbox 424 1280 2619 1361; baseline -0 -19"><span class='ocrx_word' id='word_1_67' title='bbox 424 1280 638 1357; x_wconf 84' lang='lat' dir='ltr'><strong>Pellio,</strong></span> <span class='ocrx_word' id='word_1_68' title='bbox 679 1282 772 1343; x_wconf 85' lang='lat' dir='ltr'><strong>vel</strong></span> <span class='ocrx_word' id='word_1_69' title='bbox 800 1283 990 1361; x_wconf 88' lang='lat' dir='ltr'><strong>pretio</strong></span> <span class='ocrx_word' id='word_1_70' title='bbox 1017 1284 1268 1345; x_wconf 82' lang='lat' dir='ltr'><strong>voluerit</strong></span> <span class='ocrx_word' id='word_1_71' title='bbox 1295 1304 1530 1353; x_wconf 82' lang='lat' dir='ltr'><strong>emere;</strong></span> <span class='ocrx_word' id='word_1_72' title='bbox 1572 1284 1669 1344; x_wconf 80' lang='lat' dir='ltr'><strong>vel</strong></span> <span class='ocrx_word' id='word_1_73' title='bbox 1710 1282 2004 1343; x_wconf 74' lang='lat' dir='ltr'><strong>blaterare</strong></span> <span class='ocrx_word' id='word_1_74' title='bbox 2043 1281 2175 1341; x_wconf 77' lang='lat' dir='ltr'><strong>hoec</strong></span> <span class='ocrx_word' id='word_1_75' title='bbox 2202 1282 2281 1341; x_wconf 84' lang='lat' dir='ltr'><strong>ad</strong></span> <span class='ocrx_word' id='word_1_76' title='bbox 2310 1283 2514 1342; x_wconf 88' lang='lat' dir='ltr'><strong>tibiam</strong></span> <span class='ocrx_word' id='word_1_77' title='bbox 2558 1283 2619 1341; x_wconf 89' lang='lat' dir='ltr'><strong>in</strong></span> 
     </span>
     <span class='ocr_line' id='line_1_10' title="bbox 424 1376 2623 1459; baseline -0.001 -19"><span class='ocrx_word' id='word_1_78' title='bbox 424 1398 608 1440; x_wconf 84' lang='lat' dir='ltr'><strong>scena</strong></span> <span class='ocrx_word' id='word_1_79' title='bbox 635 1397 815 1439; x_wconf 86' lang='lat' dir='ltr'><strong>ausus</strong></span> <span class='ocrx_word' id='word_1_80' title='bbox 843 1377 1064 1438; x_wconf 67' lang='lat' dir='ltr'><strong>fuerit?</strong></span> <span class='ocrx_word' id='word_1_81' title='bbox 1105 1398 1224 1438; x_wconf 89' lang='lat' dir='ltr'><strong>non</strong></span> <span class='ocrx_word' id='word_1_82' title='bbox 1273 1398 1412 1439; x_wconf 86' lang='lat' dir='ltr'><strong>suas</strong></span> <span class='ocrx_word' id='word_1_83' title='bbox 1451 1378 1651 1459; x_wconf 85' lang='lat' dir='ltr'><strong>potius</strong></span> <span class='ocrx_word' id='word_1_84' title='bbox 1682 1376 1793 1437; x_wconf 85' lang='lat' dir='ltr'><strong>sibi</strong></span> <span class='ocrx_word' id='word_1_85' title='bbox 1820 1397 1911 1439; x_wconf 85' lang='lat' dir='ltr'><strong>res</strong></span> <span class='ocrx_word' id='word_1_86' title='bbox 1938 1378 2177 1457; x_wconf 66' lang='lat' dir='ltr'><strong>poetam</strong></span> <span class='ocrx_word' id='word_1_87' title='bbox 2202 1378 2381 1437; x_wconf 88' lang='lat' dir='ltr'><strong>talem</strong></span> <span class='ocrx_word' id='word_1_88' title='bbox 2405 1378 2623 1439; x_wconf 84' lang='lat' dir='ltr'><strong>habere</strong></span> 
     </span>
     <span class='ocr_line' id='line_1_11' title="bbox 415 1471 2623 1556; baseline -0.001 -20"><span class='ocrx_word' id='word_1_89' title='bbox 415 1473 708 1556; x_wconf 71' lang='lat' dir='ltr'><strong>jusserit?</strong></span> <span class='ocrx_word' id='word_1_90' title='bbox 749 1473 814 1533; x_wconf 89' lang='lat' dir='ltr'><strong>Si</strong></span> <span class='ocrx_word' id='word_1_91' title='bbox 839 1473 1146 1535; x_wconf 87' lang='lat' dir='ltr'><strong>licentiarii</strong></span> <span class='ocrx_word' id='word_1_92' title='bbox 1179 1474 1471 1551; x_wconf 52' lang='lat' dir='ltr'><strong>nostr-ilde</strong></span> <span class='ocrx_word' id='word_1_93' title='bbox 1498 1471 1915 1535; x_wconf 77' lang='lat' dir='ltr'><strong>emendatione</strong></span> <span class='ocrx_word' id='word_1_94' title='bbox 1944 1471 2369 1552; x_wconf 69' lang='lat' dir='ltr'><strong>desperaruntg</strong></span> <span class='ocrx_word' id='word_1_95' title='bbox 2411 1472 2623 1539; x_wconf 84' lang='lat' dir='ltr'><strong>huma-</strong></span> 
     </span>
     <span class='ocr_line' id='line_1_12' title="bbox 429 1568 2626 1653; baseline 0 -24"><span class='ocrx_word' id='word_1_96' title='bbox 429 1572 560 1635; x_wconf 84' lang='lat' dir='ltr'><strong>nius</strong></span> <span class='ocrx_word' id='word_1_97' title='bbox 591 1580 786 1631; x_wconf 86' lang='lat' dir='ltr'><strong>tamen</strong></span> <span class='ocrx_word' id='word_1_98' title='bbox 815 1580 961 1643; x_wconf 84' lang='lat' dir='ltr'><strong>erat,</strong></span> <span class='ocrx_word' id='word_1_99' title='bbox 1005 1570 1082 1629; x_wconf 88' lang='lat' dir='ltr'><strong>de</strong></span> <span class='ocrx_word' id='word_1_100' title='bbox 1125 1572 1340 1631; x_wconf 88' lang='lat' dir='ltr'><strong>mendo</strong></span> <span class='ocrx_word' id='word_1_101' title='bbox 1388 1572 1586 1653; x_wconf 87' lang='lat' dir='ltr'><strong>potius</strong></span> <span class='ocrx_word' id='word_1_102' title='bbox 1630 1570 1914 1642; x_wconf 84' lang='lat' dir='ltr'><strong>confiteri,</strong></span> <span class='ocrx_word' id='word_1_103' title='bbox 1956 1588 2136 1648; x_wconf 88' lang='lat' dir='ltr'><strong>quarn</strong></span> <span class='ocrx_word' id='word_1_104' title='bbox 2166 1570 2403 1647; x_wconf 63' lang='lat' dir='ltr'><strong>poetam</strong></span> <span class='ocrx_word' id='word_1_105' title='bbox 2430 1568 2626 1647; x_wconf 85' lang='lat' dir='ltr'><strong>ipsum</strong></span> 
     </span>
     <span class='ocr_line' id='line_1_13' title="bbox 427 1656 2627 1746; baseline -0.001 -21"><span class='ocrx_word' id='word_1_106' title='bbox 427 1656 814 1745; x_wconf 78' lang='lat' dir='ltr'><strong>proscribere.</strong></span> <span class='ocrx_word' id='word_1_107' title='bbox 895 1665 1050 1725; x_wconf 88' lang='lat' dir='ltr'><strong>Vide</strong></span> <span class='ocrx_word' id='word_1_108' title='bbox 1077 1676 1297 1741; x_wconf 87' lang='lat' dir='ltr'><strong>tamen,</strong></span> <span class='ocrx_word' id='word_1_109' title='bbox 1337 1686 1515 1746; x_wconf 90' lang='lat' dir='ltr'><strong>quam</strong></span> <span class='ocrx_word' id='word_1_110' title='bbox 1540 1665 1731 1727; x_wconf 84' lang='lat' dir='ltr'><strong>facilis</strong></span> <span class='ocrx_word' id='word_1_111' title='bbox 1760 1685 1833 1727; x_wconf 89' lang='lat' dir='ltr'><strong>ea</strong></span> <span class='ocrx_word' id='word_1_112' title='bbox 1860 1685 1935 1726; x_wconf 87' lang='lat' dir='ltr'><strong>ne</strong></span> <span class='ocrx_word' id='word_1_113' title='bbox 1962 1665 2359 1744; x_wconf 69' lang='lat' dir='ltr'><strong>quaerentibus</strong></span> <span class='ocrx_word' id='word_1_114' title='bbox 2387 1662 2627 1743; x_wconf 85' lang='lat' dir='ltr'><strong>quidem</strong></span> 
     </span>
    </p>
   </div>
   <div class='ocr_carea' id='block_1_5' title="bbox 429 1759 2631 1919">
    <p class='ocr_par' dir='ltr' id='par_1_5' title="bbox 429 1759 2631 1919">
     <span class='ocr_line' id='line_1_14' title="bbox 429 1759 2627 1841; baseline -0.002 -19"><span class='ocrx_word' id='word_1_115' title='bbox 429 1782 495 1823; x_wconf 81' lang='lat' dir='ltr'><strong>se</strong></span> <span class='ocrx_word' id='word_1_116' title='bbox 521 1760 754 1822; x_wconf 85' lang='lat' dir='ltr'><strong>offerat.</strong></span> <span class='ocrx_word' id='word_1_117' title='bbox 825 1760 994 1821; x_wconf 91' lang='lat' dir='ltr'><strong>Tolle</strong></span> <span class='ocrx_word' id='word_1_118' title='bbox 1023 1762 1172 1822; x_wconf 89' lang='lat' dir='ltr'><strong>illud</strong></span> <span class='ocrx_word' id='word_1_119' title='bbox 1183 1762 1363 1841; x_wconf 77' lang='lat' dir='ltr'><strong>sacta</strong></span> <span class='ocrx_word' id='word_1_120' title='bbox 1379 1784 1405 1831; x_wconf 88' lang='lat'><strong>,·</strong></span> <span class='ocrx_word' id='word_1_121' title='bbox 1430 1773 1494 1823; x_wconf 93' lang='lat' dir='ltr'><strong>et</strong></span> <span class='ocrx_word' id='word_1_122' title='bbox 1521 1762 1867 1836; x_wconf 84' lang='lat' dir='ltr'><strong>trimetrum,</strong></span> <span class='ocrx_word' id='word_1_123' title='bbox 1894 1760 2101 1841; x_wconf 82' lang='lat' dir='ltr'><strong>quales</strong></span> <span class='ocrx_word' id='word_1_124' title='bbox 2127 1759 2225 1821; x_wconf 88' lang='lat' dir='ltr'><strong>hic</strong></span> <span class='ocrx_word' id='word_1_125' title='bbox 2252 1759 2434 1820; x_wconf 89' lang='lat' dir='ltr'><strong>ceteri</strong></span> <span class='ocrx_word' id='word_1_126' title='bbox 2462 1767 2627 1831; x_wconf 88' lang='lat' dir='ltr'><strong>sunt,</strong></span> 
     </span>
     <span class='ocr_line' id='line_1_15' title="bbox 431 1846 2631 1919; baseline -0.001 -3"><span class='ocrx_word' id='word_1_127' title='bbox 431 1857 914 1919; x_wconf 71' lang='lat' dir='ltr'><strong>rotundissimum</strong></span> <span class='ocrx_word' id='word_1_128' title='bbox 942 1855 1166 1917; x_wconf 84' lang='lat' dir='ltr'><strong>habes:</strong></span> <span class='ocrx_word' id='word_1_129' title='bbox 2616 1846 2631 1861; x_wconf 81' lang='lat'><strong>‘</strong></span> 
     </span>
    </p>
   </div>
   <div class='ocr_carea' id='block_1_6' title="bbox 596 1980 2230 2062">
    <p class='ocr_par' dir='ltr' id='par_1_6' title="bbox 596 1980 2230 2062">
     <span class='ocr_line' id='line_1_16' title="bbox 596 1980 2230 2062; baseline 0.001 -21"><span class='ocrx_word' id='word_1_130' title='bbox 596 1984 748 2052; x_wconf 82' lang='lat' dir='ltr'><strong>Quae</strong></span> <span class='ocrx_word' id='word_1_131' title='bbox 777 1981 974 2060; x_wconf 73' lang='lat' dir='ltr'><strong>neque</strong></span> <span class='ocrx_word' id='word_1_132' title='bbox 999 1981 1218 2055; x_wconf 83' lang='lat' dir='ltr'><strong>futura,</strong></span> <span class='ocrx_word' id='word_1_133' title='bbox 1245 1980 1438 2062; x_wconf 72' lang='lat' dir='ltr'><strong>neque</strong></span> <span class='ocrx_word' id='word_1_134' title='bbox 1469 1992 1632 2053; x_wconf 85' lang='lat' dir='ltr'><strong>sunt,</strong></span> <span class='ocrx_word' id='word_1_135' title='bbox 1670 1991 1869 2041; x_wconf 78' lang='lat' dir='ltr'><strong>tamen</strong></span> <span class='ocrx_word' id='word_1_136' title='bbox 1898 1980 1985 2041; x_wconf 79' lang='lat' dir='ltr'><strong>illi</strong></span> <span class='ocrx_word' id='word_1_137' title='bbox 2014 1982 2230 2043; x_wconf 87' lang='lat' dir='ltr'><strong>sciunt.</strong></span> 
     </span>
    </p>
   </div>
   <div class='ocr_carea' id='block_1_7' title="bbox 435 2100 2636 2375">
    <p class='ocr_par' dir='ltr' id='par_1_7' title="bbox 435 2100 2636 2375">
     <span class='ocr_line' id='line_1_17' title="bbox 436 2100 2632 2181; baseline -0 -18"><span class='ocrx_word' id='word_1_138' title='bbox 436 2104 592 2173; x_wconf 86' lang='lat' dir='ltr'><strong>Quin</strong></span> <span class='ocrx_word' id='word_1_139' title='bbox 622 2114 684 2163; x_wconf 87' lang='lat' dir='ltr'><strong>et</strong></span> <span class='ocrx_word' id='word_1_140' title='bbox 708 2100 822 2162; x_wconf 92' lang='lat' dir='ltr'><strong>hoc</strong></span> <span class='ocrx_word' id='word_1_141' title='bbox 852 2120 1065 2161; x_wconf 81' lang='lat' dir='ltr'><strong>sensus</strong></span> <span class='ocrx_word' id='word_1_142' title='bbox 1096 2102 1244 2181; x_wconf 88' lang='lat' dir='ltr'><strong>ipse,</strong></span> <span class='ocrx_word' id='word_1_143' title='bbox 1286 2121 1406 2162; x_wconf 89' lang='lat' dir='ltr'><strong>non</strong></span> <span class='ocrx_word' id='word_1_144' title='bbox 1435 2114 1687 2161; x_wconf 86' lang='lat' dir='ltr'><strong>metrum</strong></span> <span class='ocrx_word' id='word_1_145' title='bbox 1717 2100 1927 2173; x_wconf 89' lang='lat' dir='ltr'><strong>solum,</strong></span> <span class='ocrx_word' id='word_1_146' title='bbox 1964 2100 2289 2179; x_wconf 84' lang='lat' dir='ltr'><strong>efflagitat:</strong></span> <span class='ocrx_word' id='word_1_147' title='bbox 2332 2120 2467 2160; x_wconf 84' lang='lat' dir='ltr'><strong>nam</strong></span> <span class='ocrx_word' id='word_1_148' title='bbox 2496 2122 2632 2180; x_wconf 81' lang='lat' dir='ltr'><strong>quae</strong></span> 
     </span>
     <span class='ocr_line' id='line_1_18' title="bbox 435 2194 2633 2277; baseline -0.001 -17"><span class='ocrx_word' id='word_1_149' title='bbox 435 2200 654 2270; x_wconf 80' lang='lat' dir='ltr'><strong>futura,</strong></span> <span class='ocrx_word' id='word_1_150' title='bbox 696 2212 758 2257; x_wconf 88' lang='lat' dir='ltr'><strong>et</strong></span> <span class='ocrx_word' id='word_1_151' title='bbox 799 2217 934 2277; x_wconf 79' lang='lat' dir='ltr'><strong>quoe</strong></span> <span class='ocrx_word' id='word_1_152' title='bbox 979 2206 1138 2269; x_wconf 87' lang='lat' dir='ltr'><strong>sunt,</strong></span> <span class='ocrx_word' id='word_1_153' title='bbox 1179 2196 1240 2256; x_wconf 87' lang='lat' dir='ltr'><strong>in</strong></span> <span class='ocrx_word' id='word_1_154' title='bbox 1285 2196 1496 2257; x_wconf 88' lang='lat' dir='ltr'><strong>eodem</strong></span> <span class='ocrx_word' id='word_1_155' title='bbox 1511 2214 1741 2277; x_wconf 78' lang='lat' dir='ltr'><strong>genere</strong></span> <span class='ocrx_word' id='word_1_156' title='bbox 1770 2203 1912 2256; x_wconf 83' lang='lat' dir='ltr'><strong>sunt</strong></span> <span class='ocrx_word' id='word_1_157' title='bbox 1937 2194 2245 2276; x_wconf 84' lang='lat' dir='ltr'><strong>opposita:</strong></span> <span class='ocrx_word' id='word_1_158' title='bbox 2288 2215 2407 2255; x_wconf 89' lang='lat' dir='ltr'><strong>non</strong></span> <span class='ocrx_word' id='word_1_159' title='bbox 2436 2196 2633 2259; x_wconf 79' lang='lat' dir='ltr'><strong>futura</strong></span> 
     </span>
     <span class='ocr_line' id='line_1_19' title="bbox 438 2290 2636 2375; baseline -0.001 -19"><span class='ocrx_word' id='word_1_160' title='bbox 438 2309 500 2357; x_wconf 86' lang='lat' dir='ltr'><strong>et</strong></span> <span class='ocrx_word' id='word_1_161' title='bbox 521 2296 701 2356; x_wconf 80' lang='lat' dir='ltr'><strong>facta.</strong></span> <span class='ocrx_word' id='word_1_162' title='bbox 786 2294 850 2353; x_wconf 90' lang='lat' dir='ltr'><strong>Si</strong></span> <span class='ocrx_word' id='word_1_163' title='bbox 873 2292 1023 2353; x_wconf 89' lang='lat' dir='ltr'><strong>illud</strong></span> <span class='ocrx_word' id='word_1_164' title='bbox 1046 2300 1064 2329; x_wconf 87' lang='lat'>‘</span> <span class='ocrx_word' id='word_1_165' title='bbox 1083 2292 1245 2353; x_wconf 80' lang='lat' dir='ltr'><strong>facta</strong></span> <span class='ocrx_word' id='word_1_166' title='bbox 1271 2290 1430 2352; x_wconf 86' lang='lat' dir='ltr'><strong>sunt&#39;</strong></span> <span class='ocrx_word' id='word_1_167' title='bbox 1455 2312 1492 2353; x_wconf 89' lang='lat' dir='ltr'><strong>a</strong></span> <span class='ocrx_word' id='word_1_168' title='bbox 1520 2292 1699 2375; x_wconf 65' lang='lat' dir='ltr'><strong>poeta</strong></span> <span class='ocrx_word' id='word_1_169' title='bbox 1726 2300 1902 2365; x_wconf 89' lang='lat' dir='ltr'><strong>esset,</strong></span> <span class='ocrx_word' id='word_1_170' title='bbox 1945 2291 2192 2353; x_wconf 76' lang='lat' dir='ltr'><strong>dixisset</strong></span> <span class='ocrx_word' id='word_1_171' title='bbox 2231 2292 2455 2372; x_wconf 89' lang='lat' dir='ltr'><strong>utique,</strong></span> <span class='ocrx_word' id='word_1_172' title='bbox 2497 2312 2636 2371; x_wconf 73' lang='lat' dir='ltr'><strong>quoe</strong></span> 
     </span>
    </p>
   </div>
   <div class='ocr_carea' id='block_1_8' title="bbox 437 2385 2633 2547">
    <p class='ocr_par' dir='ltr' id='par_1_8' title="bbox 437 2385 2633 2547">
     <span class='ocr_line' id='line_1_20' title="bbox 437 2385 2633 2481; baseline -0.001 -30"><span class='ocrx_word' id='word_1_173' title='bbox 437 2410 630 2470; x_wconf 89' lang='lat' dir='ltr'><strong>neque</strong></span> <span class='ocrx_word' id='word_1_174' title='bbox 657 2390 802 2449; x_wconf 86' lang='lat' dir='ltr'><strong>fient</strong></span> <span class='ocrx_word' id='word_1_175' title='bbox 829 2408 1021 2467; x_wconf 88' lang='lat' dir='ltr'><strong>neque</strong></span> <span class='ocrx_word' id='word_1_176' title='bbox 1047 2386 1209 2451; x_wconf 79' lang='lat' dir='ltr'><strong>facta</strong></span> <span class='ocrx_word' id='word_1_177' title='bbox 1236 2397 1418 2457; x_wconf 76' lang='lat' dir='ltr'><strong>sunt3</strong></span> <span class='ocrx_word' id='word_1_178' title='bbox 1459 2398 1642 2467; x_wconf 90' lang='lat' dir='ltr'><strong>atque</strong></span> <span class='ocrx_word' id='word_1_179' title='bbox 1689 2388 1931 2466; x_wconf 86' lang='lat' dir='ltr'><strong>insuper</strong></span> <span class='ocrx_word' id='word_1_180' title='bbox 1978 2385 2055 2481; x_wconf 76' lang='lat' dir='ltr'><strong>de</strong></span> <span class='ocrx_word' id='word_1_181' title='bbox 2096 2387 2330 2447; x_wconf 87' lang='lat' dir='ltr'><strong>duobus</strong></span> <span class='ocrx_word' id='word_1_182' title='bbox 2368 2388 2633 2468; x_wconf 86' lang='lat' dir='ltr'><strong>peccatis</strong></span> 
     </span>
     <span class='ocr_line' id='line_1_21' title="bbox 438 2484 1127 2547; baseline -0.003 0"><span class='ocrx_word' id='word_1_183' title='bbox 438 2503 622 2547; x_wconf 85' lang='lat' dir='ltr'><strong>unum</strong></span> <span class='ocrx_word' id='word_1_184' title='bbox 656 2484 918 2546; x_wconf 88' lang='lat' dir='ltr'><strong>lucratus</strong></span> <span class='ocrx_word' id='word_1_185' title='bbox 947 2494 1127 2545; x_wconf 84' lang='lat' dir='ltr'><strong>esset.</strong></span> 
     </span>
    </p>
   </div>
   <div class='ocr_carea' id='block_1_9' title="bbox 1165 2655 1928 2721">
    <p class='ocr_par' dir='ltr' id='par_1_9' title="bbox 1165 2655 1928 2721">
     <span class='ocr_line' id='line_1_22' title="bbox 1165 2655 1928 2721; baseline -0.003 0"><span class='ocrx_word' id='word_1_186' title='bbox 1165 2660 1321 2721; x_wconf 85' lang='lat' dir='ltr'><strong>ARS</strong></span> <span class='ocrx_word' id='word_1_187' title='bbox 1377 2655 1853 2720; x_wconf 78' lang='lat' dir='ltr'><strong>TERENTIAN</strong></span> <span class='ocrx_word' id='word_1_188' title='bbox 1852 2660 1928 2719; x_wconf 87' lang='lat' dir='ltr'><strong>A.</strong></span> 
     </span>
    </p>
   </div>
   <div class='ocr_carea' id='block_1_10' title="bbox 447 2794 2638 2978">
    <p class='ocr_par' dir='ltr' id='par_1_10' title="bbox 447 2794 2638 2978">
     <span class='ocr_line' id='line_1_23' title="bbox 527 2794 2638 2879; baseline -0.003 -19"><span class='ocrx_word' id='word_1_189' title='bbox 527 2800 744 2860; x_wconf 79' lang='lat' dir='ltr'><strong>Restat</strong></span> <span class='ocrx_word' id='word_1_190' title='bbox 757 2799 906 2879; x_wconf 86' lang='lat' dir='ltr'><strong>jam,</strong></span> <span class='ocrx_word' id='word_1_191' title='bbox 933 2808 1003 2858; x_wconf 88' lang='lat' dir='ltr'><strong>ut</strong></span> <span class='ocrx_word' id='word_1_192' title='bbox 1028 2796 1105 2859; x_wconf 90' lang='lat' dir='ltr'><strong>de</strong></span> <span class='ocrx_word' id='word_1_193' title='bbox 1133 2806 1260 2859; x_wconf 90' lang='lat' dir='ltr'><strong>arte</strong></span> <span class='ocrx_word' id='word_1_194' title='bbox 1286 2798 1661 2870; x_wconf 87' lang='lat' dir='ltr'><strong>Terentiana,</strong></span> <span class='ocrx_word' id='word_1_195' title='bbox 1683 2815 1821 2875; x_wconf 83' lang='lat' dir='ltr'><strong>quse</strong></span> <span class='ocrx_word' id='word_1_196' title='bbox 1842 2806 2149 2876; x_wconf 79' lang='lat' dir='ltr'><strong>tantopere</strong></span> <span class='ocrx_word' id='word_1_197' title='bbox 2175 2795 2317 2855; x_wconf 91' lang='lat' dir='ltr'><strong>olim</strong></span> <span class='ocrx_word' id='word_1_198' title='bbox 2343 2794 2638 2856; x_wconf 85' lang='lat' dir='ltr'><strong>celebrata</strong></span> 
     </span>
     <span class='ocr_line' id='line_1_24' title="bbox 447 2892 1965 2978; baseline -0.001 -23"><span class='ocrx_word' id='word_1_199' title='bbox 447 2903 560 2967; x_wconf 79' lang='lat' dir='ltr'><strong>est,</strong></span> <span class='ocrx_word' id='word_1_200' title='bbox 585 2914 780 2974; x_wconf 87' lang='lat' dir='ltr'><strong>pauca</strong></span> <span class='ocrx_word' id='word_1_201' title='bbox 806 2893 1157 2956; x_wconf 81' lang='lat' dir='ltr'><strong>delibemus.</strong></span> <span class='ocrx_word' id='word_1_202' title='bbox 1239 2893 1544 2965; x_wconf 77' lang='lat' dir='ltr'><strong>Horatius,</strong></span> <span class='ocrx_word' id='word_1_203' title='bbox 1571 2892 1764 2978; x_wconf 73' lang='lat' dir='ltr'><strong>Epist.</strong></span> <span class='ocrx_word' id='word_1_204' title='bbox 1796 2912 1877 2953; x_wconf 87' lang='lat'><strong>11.</strong></span> <span class='ocrx_word' id='word_1_205' title='bbox 1912 2894 1965 2953; x_wconf 90' lang='lat'><strong>1.</strong></span> 
     </span>
    </p>
   </div>
   <div class='ocr_carea' id='block_1_11' title="bbox 687 3016 2355 3483">
    <p class='ocr_par' dir='ltr' id='par_1_11' title="bbox 687 3016 2193 3185">
     <span class='ocr_line' id='line_1_25' title="bbox 687 3016 2193 3101; baseline -0.004 -20"><span class='ocrx_word' id='word_1_206' title='bbox 687 3022 1024 3101; x_wconf 81' lang='lat' dir='ltr'><strong>Ambigitur</strong></span> <span class='ocrx_word' id='word_1_207' title='bbox 1049 3018 1325 3099; x_wconf 81' lang='lat' dir='ltr'><strong>quotiens</strong></span> <span class='ocrx_word' id='word_1_208' title='bbox 1350 3028 1482 3078; x_wconf 88' lang='lat' dir='ltr'><strong>uter</strong></span> <span class='ocrx_word' id='word_1_209' title='bbox 1508 3028 1643 3077; x_wconf 92' lang='lat' dir='ltr'><strong>utro</strong></span> <span class='ocrx_word' id='word_1_210' title='bbox 1670 3018 1747 3077; x_wconf 88' lang='lat' dir='ltr'><strong>sit</strong></span> <span class='ocrx_word' id='word_1_211' title='bbox 1774 3019 1961 3095; x_wconf 73' lang='lat' dir='ltr'><strong>prim-3</strong></span> <span class='ocrx_word' id='word_1_212' title='bbox 2004 3016 2193 3078; x_wconf 80' lang='lat' dir='ltr'><strong>aufert</strong></span> 
     </span>
     <span class='ocr_line' id='line_1_26' title="bbox 691 3112 2061 3185; baseline -0.004 -8"><span class='ocrx_word' id='word_1_213' title='bbox 691 3116 989 3178; x_wconf 80' lang='lat' dir='ltr'><strong>Pacuvius</strong></span> <span class='ocrx_word' id='word_1_214' title='bbox 1018 3116 1180 3177; x_wconf 86' lang='lat' dir='ltr'><strong>docti</strong></span> <span class='ocrx_word' id='word_1_215' title='bbox 1205 3114 1424 3175; x_wconf 78' lang='lat' dir='ltr'><strong>famam</strong></span> <span class='ocrx_word' id='word_1_216' title='bbox 1451 3112 1634 3185; x_wconf 86' lang='lat' dir='ltr'><strong>senis,</strong></span> <span class='ocrx_word' id='word_1_217' title='bbox 1664 3113 1885 3173; x_wconf 86' lang='lat' dir='ltr'><strong>Accius</strong></span> <span class='ocrx_word' id='word_1_218' title='bbox 1914 3112 2061 3173; x_wconf 84' lang='lat' dir='ltr'><strong>alti:</strong></span> 
     </span>
    </p>

    <p class='ocr_par' dir='ltr' id='par_1_12' title="bbox 687 3207 2355 3483">
     <span class='ocr_line' id='line_1_27' title="bbox 696 3207 2113 3291; baseline -0.003 -20"><span class='ocrx_word' id='word_1_219' title='bbox 696 3214 928 3274; x_wconf 87' lang='lat' dir='ltr'><strong>Dicitur</strong></span> <span class='ocrx_word' id='word_1_220' title='bbox 954 3213 1164 3273; x_wconf 84' lang='lat' dir='ltr'><strong>Afrani</strong></span> <span class='ocrx_word' id='word_1_221' title='bbox 1190 3223 1334 3291; x_wconf 82' lang='lat' dir='ltr'><strong>tog-a</strong></span> <span class='ocrx_word' id='word_1_222' title='bbox 1360 3210 1710 3272; x_wconf 83' lang='lat' dir='ltr'><strong>convenisse</strong></span> <span class='ocrx_word' id='word_1_223' title='bbox 1738 3207 2073 3269; x_wconf 78' lang='lat' dir='ltr'><strong>Menandro</strong></span> <span class='ocrx_word' id='word_1_224' title='bbox 2097 3227 2113 3266; x_wconf 89' lang='lat'><strong>:</strong></span> 
     </span>
     <span class='ocr_line' id='line_1_28' title="bbox 693 3300 2355 3386; baseline -0.004 -19"><span class='ocrx_word' id='word_1_225' title='bbox 693 3308 944 3370; x_wconf 84' lang='lat' dir='ltr'><strong>Plautus</strong></span> <span class='ocrx_word' id='word_1_226' title='bbox 973 3307 1048 3367; x_wconf 82' lang='lat' dir='ltr'><strong>ad</strong></span> <span class='ocrx_word' id='word_1_227' title='bbox 1079 3306 1412 3386; x_wconf 84' lang='lat' dir='ltr'><strong>exemplum</strong></span> <span class='ocrx_word' id='word_1_228' title='bbox 1439 3304 1624 3366; x_wconf 88' lang='lat' dir='ltr'><strong>Siculi</strong></span> <span class='ocrx_word' id='word_1_229' title='bbox 1646 3322 1959 3385; x_wconf 82' lang='lat' dir='ltr'><strong>properare</strong></span> <span class='ocrx_word' id='word_1_230' title='bbox 1987 3300 2355 3383; x_wconf 71' lang='lat' dir='ltr'><strong>Epicharmi:</strong></span> 
     </span>
     <span class='ocr_line' id='line_1_29' title="bbox 687 3402 2217 3483; baseline -0.003 -22"><span class='ocrx_word' id='word_1_231' title='bbox 687 3404 937 3466; x_wconf 85' lang='lat' dir='ltr'><strong>Vincere</strong></span> <span class='ocrx_word' id='word_1_232' title='bbox 965 3405 1246 3465; x_wconf 72' lang='lat' dir='ltr'><strong>Caecilius</strong></span> <span class='ocrx_word' id='word_1_233' title='bbox 1275 3403 1582 3483; x_wconf 80' lang='lat' dir='ltr'><strong>gravitate,</strong></span> <span class='ocrx_word' id='word_1_234' title='bbox 1608 3402 1997 3462; x_wconf 68' lang='lat' dir='ltr'><strong>Tsazurms</strong></span> <span class='ocrx_word' id='word_1_235' title='bbox 2020 3416 2217 3459; x_wconf 68' lang='lat' dir='ltr'><strong>Art-rs.</strong></span> 
     </span>
    </p>
   </div>
   <div class='ocr_carea' id='block_1_12' title="bbox 459 3524 2655 4280">
    <p class='ocr_par' dir='ltr' id='par_1_13' title="bbox 459 3524 2650 3804">
     <span class='ocr_line' id='line_1_30' title="bbox 459 3524 2649 3604; baseline -0 -18"><span class='ocrx_word' id='word_1_236' title='bbox 459 3525 575 3588; x_wconf 87' lang='lat' dir='ltr'><strong>Ubi</strong></span> <span class='ocrx_word' id='word_1_237' title='bbox 604 3529 846 3591; x_wconf 88' lang='lat' dir='ltr'><strong>dubium</strong></span> <span class='ocrx_word' id='word_1_238' title='bbox 875 3540 988 3604; x_wconf 87' lang='lat' dir='ltr'><strong>est,</strong></span> <span class='ocrx_word' id='word_1_239' title='bbox 1015 3544 1279 3593; x_wconf 88' lang='lat' dir='ltr'><strong>artemne</strong></span> <span class='ocrx_word' id='word_1_240' title='bbox 1305 3528 1609 3593; x_wconf 88' lang='lat' dir='ltr'><strong>metricam</strong></span> <span class='ocrx_word' id='word_1_241' title='bbox 1636 3532 1799 3603; x_wconf 83' lang='lat' dir='ltr'><strong>velit,</strong></span> <span class='ocrx_word' id='word_1_242' title='bbox 1829 3550 1905 3590; x_wconf 86' lang='lat' dir='ltr'><strong>an</strong></span> <span class='ocrx_word' id='word_1_243' title='bbox 1934 3528 2242 3590; x_wconf 86' lang='lat' dir='ltr'><strong>comicam.</strong></span> <span class='ocrx_word' id='word_1_244' title='bbox 2327 3524 2649 3604; x_wconf 87' lang='lat' dir='ltr'><strong>Utramque</strong></span> 
     </span>
     <span class='ocr_line' id='line_1_31' title="bbox 461 3620 2650 3708; baseline -0.003 -24"><span class='ocrx_word' id='word_1_245' title='bbox 461 3624 706 3705; x_wconf 75' lang='lat' dir='ltr'><strong>opinor-3</strong></span> <span class='ocrx_word' id='word_1_246' title='bbox 749 3645 888 3686; x_wconf 89' lang='lat' dir='ltr'><strong>nam</strong></span> <span class='ocrx_word' id='word_1_247' title='bbox 915 3626 976 3686; x_wconf 89' lang='lat' dir='ltr'><strong>in</strong></span> <span class='ocrx_word' id='word_1_248' title='bbox 1005 3639 1252 3708; x_wconf 86' lang='lat' dir='ltr'><strong>utraque</strong></span> <span class='ocrx_word' id='word_1_249' title='bbox 1279 3628 1458 3689; x_wconf 88' lang='lat' dir='ltr'><strong>laude</strong></span> <span class='ocrx_word' id='word_1_250' title='bbox 1487 3628 1730 3701; x_wconf 82' lang='lat' dir='ltr'><strong>Noster,</strong></span> <span class='ocrx_word' id='word_1_251' title='bbox 1760 3638 1881 3688; x_wconf 88' lang='lat' dir='ltr'><strong>tam</strong></span> <span class='ocrx_word' id='word_1_252' title='bbox 1913 3642 2185 3685; x_wconf 87' lang='lat' dir='ltr'><strong>versuum</strong></span> <span class='ocrx_word' id='word_1_253' title='bbox 2212 3620 2650 3693; x_wconf 78' lang='lat' dir='ltr'><strong>concinnitatis,</strong></span> 
     </span>
     <span class='ocr_line' id='line_1_32' title="bbox 459 3718 2095 3804; baseline 0.001 -25"><span class='ocrx_word' id='word_1_254' title='bbox 459 3736 640 3800; x_wconf 83' lang='lat' dir='ltr'><strong>quam</strong></span> <span class='ocrx_word' id='word_1_255' title='bbox 664 3718 882 3781; x_wconf 79' lang='lat' dir='ltr'><strong>lucidae</strong></span> <span class='ocrx_word' id='word_1_256' title='bbox 907 3740 1098 3782; x_wconf 85' lang='lat' dir='ltr'><strong>rerum</strong></span> <span class='ocrx_word' id='word_1_257' title='bbox 1125 3724 1548 3803; x_wconf 86' lang='lat' dir='ltr'><strong>dispositionis,</strong></span> <span class='ocrx_word' id='word_1_258' title='bbox 1588 3724 1809 3804; x_wconf 80' lang='lat' dir='ltr'><strong>primas</strong></span> <span class='ocrx_word' id='word_1_259' title='bbox 1836 3723 2095 3782; x_wconf 88' lang='lat' dir='ltr'><strong>tenebat.</strong></span> 
     </span>
    </p>

    <p class='ocr_par' dir='ltr' id='par_1_14' title="bbox 462 3810 2655 4280">
     <span class='ocr_line' id='line_1_33' title="bbox 543 3810 2651 3897; baseline -0.003 -22"><span class='ocrx_word' id='word_1_260' title='bbox 543 3815 703 3877; x_wconf 89' lang='lat' dir='ltr'><strong>Illud</strong></span> <span class='ocrx_word' id='word_1_261' title='bbox 729 3833 872 3877; x_wconf 86' lang='lat' dir='ltr'><strong>sane</strong></span> <span class='ocrx_word' id='word_1_262' title='bbox 899 3816 962 3875; x_wconf 90' lang='lat' dir='ltr'><strong>in</strong></span> <span class='ocrx_word' id='word_1_263' title='bbox 989 3816 1196 3897; x_wconf 74' lang='lat' dir='ltr'><strong>lingna</strong></span> <span class='ocrx_word' id='word_1_264' title='bbox 1241 3818 1450 3878; x_wconf 76' lang='lat' dir='ltr'><strong>Latina</strong></span> <span class='ocrx_word' id='word_1_265' title='bbox 1489 3817 1773 3890; x_wconf 82' lang='lat' dir='ltr'><strong>notabile,</strong></span> <span class='ocrx_word' id='word_1_266' title='bbox 1812 3836 1889 3877; x_wconf 86' lang='lat' dir='ltr'><strong>ne</strong></span> <span class='ocrx_word' id='word_1_267' title='bbox 1930 3832 2115 3876; x_wconf 86' lang='lat' dir='ltr'><strong>unum</strong></span> <span class='ocrx_word' id='word_1_268' title='bbox 2142 3812 2385 3893; x_wconf 84' lang='lat' dir='ltr'><strong>quidem</strong></span> <span class='ocrx_word' id='word_1_269' title='bbox 2413 3810 2651 3871; x_wconf 83' lang='lat' dir='ltr'><strong>verbum</strong></span> 
     </span>
     <span class='ocr_line' id='line_1_34' title="bbox 462 3902 2653 3995; baseline -0.005 -22"><span class='ocrx_word' id='word_1_270' title='bbox 462 3922 678 3993; x_wconf 83' lang='lat' dir='ltr'><strong>praeter</strong></span> <span class='ocrx_word' id='word_1_271' title='bbox 703 3913 1111 3995; x_wconf 85' lang='lat' dir='ltr'><strong>monosyllaba</strong></span> <span class='ocrx_word' id='word_1_272' title='bbox 1137 3924 1344 3973; x_wconf 88' lang='lat' dir='ltr'><strong>tonum</strong></span> <span class='ocrx_word' id='word_1_273' title='bbox 1369 3913 1430 3973; x_wconf 89' lang='lat' dir='ltr'><strong>in</strong></span> <span class='ocrx_word' id='word_1_274' title='bbox 1459 3912 1669 3973; x_wconf 88' lang='lat' dir='ltr'><strong>ultima</strong></span> <span class='ocrx_word' id='word_1_275' title='bbox 1692 3911 1993 3971; x_wconf 82' lang='lat' dir='ltr'><strong>habuisse.</strong></span> <span class='ocrx_word' id='word_1_276' title='bbox 2078 3908 2297 3981; x_wconf 69' lang='lat' dir='ltr'><strong>Deum,</strong></span> <span class='ocrx_word' id='word_1_277' title='bbox 2324 3907 2521 3987; x_wconf 75' lang='lat' dir='ltr'><strong>igitur,</strong></span> <span class='ocrx_word' id='word_1_278' title='bbox 2564 3902 2653 3963; x_wconf 78' lang='lat' dir='ltr'><strong>vi-</strong></span> 
     </span>
     <span class='ocr_line' id='line_1_35' title="bbox 465 3998 2654 4089; baseline -0.005 -20"><span class='ocrx_word' id='word_1_279' title='bbox 465 4028 616 4081; x_wconf 86' lang='lat' dir='ltr'><strong>rum,</strong></span> <span class='ocrx_word' id='word_1_280' title='bbox 642 4007 858 4082; x_wconf 69' lang='lat' dir='ltr'><strong>meum,</strong></span> <span class='ocrx_word' id='word_1_281' title='bbox 887 4010 1076 4082; x_wconf 77' lang='lat' dir='ltr'><strong>tuum,</strong></span> <span class='ocrx_word' id='word_1_282' title='bbox 1122 4010 1311 4089; x_wconf 88' lang='lat' dir='ltr'><strong>priore</strong></span> <span class='ocrx_word' id='word_1_283' title='bbox 1339 4010 1477 4071; x_wconf 90' lang='lat' dir='ltr'><strong>licet</strong></span> <span class='ocrx_word' id='word_1_284' title='bbox 1501 4009 1662 4070; x_wconf 84' lang='lat' dir='ltr'><strong>brevi</strong></span> <span class='ocrx_word' id='word_1_285' title='bbox 1692 4008 2168 4088; x_wconf 81' lang='lat' dir='ltr'><strong>pronuntiabant,</strong></span> <span class='ocrx_word' id='word_1_286' title='bbox 2208 4018 2512 4082; x_wconf 87' lang='lat' dir='ltr'><strong>nunquam</strong></span> <span class='ocrx_word' id='word_1_287' title='bbox 2540 3998 2654 4059; x_wconf 86' lang='lat' dir='ltr'><strong>nisi</strong></span> 
     </span>
     <span class='ocr_line' id='line_1_36' title="bbox 467 4094 2652 4178; baseline -0.006 -15"><span class='ocrx_word' id='word_1_288' title='bbox 467 4105 526 4163; x_wconf 91' lang='lat' dir='ltr'><strong>in</strong></span> <span class='ocrx_word' id='word_1_289' title='bbox 553 4122 746 4177; x_wconf 81' lang='lat' dir='ltr'><strong>versu,</strong></span> <span class='ocrx_word' id='word_1_290' title='bbox 789 4104 1004 4177; x_wconf 73' lang='lat' dir='ltr'><strong>Deum,</strong></span> <span class='ocrx_word' id='word_1_291' title='bbox 1047 4104 1256 4175; x_wconf 68' lang='lat' dir='ltr'><strong>virum,</strong></span> <span class='ocrx_word' id='word_1_292' title='bbox 1301 4105 1518 4178; x_wconf 72' lang='lat' dir='ltr'><strong>meum,</strong></span> <span class='ocrx_word' id='word_1_293' title='bbox 1562 4105 1752 4165; x_wconf 77' lang='lat' dir='ltr'><strong>tuum.</strong></span> <span class='ocrx_word' id='word_1_294' title='bbox 1835 4099 2259 4171; x_wconf 79' lang='lat' dir='ltr'><strong>Quintilianus,</strong></span> <span class='ocrx_word' id='word_1_295' title='bbox 2288 4094 2482 4156; x_wconf 88' lang='lat' dir='ltr'><strong>Instit.</strong></span> <span class='ocrx_word' id='word_1_296' title='bbox 2514 4112 2561 4153; x_wconf 92' lang='lat'><strong>1.</strong></span> <span class='ocrx_word' id='word_1_297' title='bbox 2591 4094 2652 4151; x_wconf 88' lang='grc'><strong>5.</strong></span> 
     </span>
     <span class='ocr_line' id='line_1_37' title="bbox 467 4192 2655 4280; baseline -0.006 -21"><span class='ocrx_word' id='word_1_298' title='bbox 467 4202 492 4233; x_wconf 83' lang='lat'>‘</span> <span class='ocrx_word' id='word_1_299' title='bbox 511 4198 623 4260; x_wconf 79' lang='lat' dir='ltr'><strong>Est</strong></span> <span class='ocrx_word' id='word_1_300' title='bbox 643 4208 838 4263; x_wconf 84' lang='lat' dir='ltr'><strong>autem</strong></span> <span class='ocrx_word' id='word_1_301' title='bbox 865 4198 926 4260; x_wconf 88' lang='lat' dir='ltr'><strong>in</strong></span> <span class='ocrx_word' id='word_1_302' title='bbox 950 4198 1110 4261; x_wconf 86' lang='lat' dir='ltr'><strong>omni</strong></span> <span class='ocrx_word' id='word_1_303' title='bbox 1136 4218 1283 4261; x_wconf 86' lang='lat' dir='ltr'><strong>voce</strong></span> <span class='ocrx_word' id='word_1_304' title='bbox 1307 4200 1508 4279; x_wconf 85' lang='lat' dir='ltr'><strong>utique</strong></span> <span class='ocrx_word' id='word_1_305' title='bbox 1527 4206 1705 4261; x_wconf 87' lang='lat' dir='ltr'><strong>acuta</strong></span> <span class='ocrx_word' id='word_1_306' title='bbox 1728 4196 1978 4280; x_wconf 77' lang='lat' dir='ltr'><strong>syllaba,</strong></span> <span class='ocrx_word' id='word_1_307' title='bbox 1999 4214 2111 4256; x_wconf 89' lang='lat' dir='ltr'><strong>nec</strong></span> <span class='ocrx_word' id='word_1_308' title='bbox 2133 4192 2343 4253; x_wconf 87' lang='lat' dir='ltr'><strong>ultima</strong></span> <span class='ocrx_word' id='word_1_309' title='bbox 2361 4204 2655 4271; x_wconf 81' lang='lat' dir='ltr'><strong>unquam:</strong></span> 
     </span>
    </p>
   </div>
  </div>
 </body>
</html>
