<?xml version="1.0" encoding="UTF-8"?>
<!DOCTYPE html PUBLIC "-//W3C//DTD XHTML 1.0 Transitional//EN"
    "http://www.w3.org/TR/xhtml1/DTD/xhtml1-transitional.dtd">
<html xmlns="http://www.w3.org/1999/xhtml" xml:lang="en" lang="en">
 <head>
  <title>
</title>
<meta http-equiv="Content-Type" content="text/html;charset=utf-8" />
  <meta name='ocr-system' content='tesseract 3.04.00' />
  <meta name='ocr-capabilities' content='ocr_page ocr_carea ocr_par ocr_line ocrx_word'/>
</head>
<body>
  <div class='ocr_page' id='page_1' title='image "./comoedisex10westgoog_0267.png"; bbox 0 0 3234 4934; ppageno 0'>
   <div class='ocr_carea' id='block_1_1' title="bbox 1257 430 2635 503">
    <p class='ocr_par' dir='ltr' id='par_1_1' title="bbox 1257 430 2635 503">
     <span class='ocr_line' id='line_1_1' title="bbox 1257 430 2635 503; baseline -0.004 -8"><span class='ocrx_word' id='word_1_1' title='bbox 1257 446 1355 495; x_wconf 64' lang='grc' dir='ltr'><strong>οε</strong></span> <span class='ocrx_word' id='word_1_2' title='bbox 1401 444 1811 495; x_wconf 71' lang='lat' dir='ltr'><strong>Tnusswrro.</strong></span> <span class='ocrx_word' id='word_1_3' title='bbox 2500 430 2635 503; x_wconf 71' lang='lat'><strong>259</strong></span> 
     </span>
    </p>
   </div>
   <div class='ocr_carea' id='block_1_2' title="bbox 438 586 2729 877">
    <p class='ocr_par' dir='ltr' id='par_1_2' title="bbox 438 586 2729 877">
     <span class='ocr_line' id='line_1_2' title="bbox 438 586 2635 671; baseline 0.002 -21"><span class='ocrx_word' id='word_1_4' title='bbox 438 587 674 667; x_wconf 80' lang='lat' dir='ltr'><strong>fuisse,</strong></span> <span class='ocrx_word' id='word_1_5' title='bbox 717 588 778 651; x_wconf 88' lang='lat' dir='ltr'><strong>si</strong></span> <span class='ocrx_word' id='word_1_6' title='bbox 806 588 1044 653; x_wconf 80' lang='lat' dir='ltr'><strong>Latine</strong></span> <span class='ocrx_word' id='word_1_7' title='bbox 1079 587 1262 671; x_wconf 89' lang='lat' dir='ltr'><strong>loqui</strong></span> <span class='ocrx_word' id='word_1_8' title='bbox 1291 588 1574 655; x_wconf 86' lang='lat' dir='ltr'><strong>vellent:</strong></span> <span class='ocrx_word' id='word_1_9' title='bbox 1617 588 1784 655; x_wconf 90' lang='lat' dir='ltr'><strong>licet</strong></span> <span class='ocrx_word' id='word_1_10' title='bbox 1812 586 2159 654; x_wconf 73' lang='lat' dir='ltr'><strong>Caecilium</strong></span> <span class='ocrx_word' id='word_1_11' title='bbox 2182 588 2498 655; x_wconf 78' lang='lat' dir='ltr'><strong>laudibus</strong></span> <span class='ocrx_word' id='word_1_12' title='bbox 2540 590 2635 655; x_wconf 83' lang='lat' dir='ltr'><strong>fe-</strong></span> 
     </span>
     <span class='ocr_line' id='line_1_3' title="bbox 441 687 2639 775; baseline 0.001 -22"><span class='ocrx_word' id='word_1_13' title='bbox 441 697 625 753; x_wconf 72' lang='lat' dir='ltr'><strong>rantz</strong></span> <span class='ocrx_word' id='word_1_14' title='bbox 676 689 840 755; x_wconf 86' lang='lat' dir='ltr'><strong>licet</strong></span> <span class='ocrx_word' id='word_1_15' title='bbox 884 687 1182 755; x_wconf 80' lang='lat' dir='ltr'><strong>Terentii</strong></span> <span class='ocrx_word' id='word_1_16' title='bbox 1229 692 1484 772; x_wconf 86' lang='lat' dir='ltr'><strong>scripta</strong></span> <span class='ocrx_word' id='word_1_17' title='bbox 1531 688 1619 754; x_wconf 80' lang='lat' dir='ltr'><strong>ad</strong></span> <span class='ocrx_word' id='word_1_18' title='bbox 1666 690 2056 775; x_wconf 84' lang='lat' dir='ltr'><strong>Scipionem</strong></span> <span class='ocrx_word' id='word_1_19' title='bbox 2100 691 2489 757; x_wconf 83' lang='lat' dir='ltr'><strong>Africanum</strong></span> <span class='ocrx_word' id='word_1_20' title='bbox 2534 711 2639 756; x_wconf 89' lang='lat' dir='ltr'><strong>re-</strong></span> 
     </span>
     <span class='ocr_line' id='line_1_4' title="bbox 443 790 2729 877; baseline 0.002 -24"><span class='ocrx_word' id='word_1_21' title='bbox 443 790 779 857; x_wconf 82' lang='lat' dir='ltr'><strong>ferantur:</strong></span> <span class='ocrx_word' id='word_1_22' title='bbox 853 810 1010 873; x_wconf 78' lang='lat' dir='ltr'><strong>quae</strong></span> <span class='ocrx_word' id='word_1_23' title='bbox 1060 798 1286 855; x_wconf 85' lang='lat' dir='ltr'><strong>tamen</strong></span> <span class='ocrx_word' id='word_1_24' title='bbox 1335 797 1493 857; x_wconf 85' lang='lat' dir='ltr'><strong>sunt</strong></span> <span class='ocrx_word' id='word_1_25' title='bbox 1531 791 1604 855; x_wconf 89' lang='lat' dir='ltr'><strong>in</strong></span> <span class='ocrx_word' id='word_1_26' title='bbox 1651 790 1781 857; x_wconf 87' lang='lat' dir='ltr'><strong>hoc</strong></span> <span class='ocrx_word' id='word_1_27' title='bbox 1829 812 2068 875; x_wconf 77' lang='lat' dir='ltr'>genere</span> <span class='ocrx_word' id='word_1_28' title='bbox 2118 793 2636 877; x_wconf 81' lang='lat' dir='ltr'><strong>elegantissima,</strong></span> <span class='ocrx_word' id='word_1_29' title='bbox 2724 808 2729 815; x_wconf 83' lang='lat'><strong>·</strong></span> 
     </span>
    </p>
   </div>
   <div class='ocr_carea' id='block_1_3' title="bbox 445 891 2639 1059">
    <p class='ocr_par' dir='ltr' id='par_1_3' title="bbox 445 891 2639 1059">
     <span class='ocr_line' id='line_1_5' title="bbox 445 891 2639 977; baseline 0.001 -20"><span class='ocrx_word' id='word_1_30' title='bbox 445 900 512 959; x_wconf 90' lang='lat' dir='ltr'><strong>et</strong></span> <span class='ocrx_word' id='word_1_31' title='bbox 551 892 705 977; x_wconf 88' lang='lat' dir='ltr'><strong>plus</strong></span> <span class='ocrx_word' id='word_1_32' title='bbox 755 891 978 957; x_wconf 85' lang='lat' dir='ltr'><strong>adhuc</strong></span> <span class='ocrx_word' id='word_1_33' title='bbox 1020 892 1336 957; x_wconf 84' lang='lat' dir='ltr'><strong>habitura</strong></span> <span class='ocrx_word' id='word_1_34' title='bbox 1391 894 1647 976; x_wconf 78' lang='lat' dir='ltr'><strong>gratiae,</strong></span> <span class='ocrx_word' id='word_1_35' title='bbox 1700 894 1763 957; x_wconf 85' lang='lat' dir='ltr'><strong>si</strong></span> <span class='ocrx_word' id='word_1_36' title='bbox 1807 894 1981 959; x_wconf 89' lang='lat' dir='ltr'><strong>intra</strong></span> <span class='ocrx_word' id='word_1_37' title='bbox 2025 915 2261 962; x_wconf 78' lang='lat' dir='ltr'><strong>versus</strong></span> <span class='ocrx_word' id='word_1_38' title='bbox 2307 895 2639 960; x_wconf 80' lang='lat' dir='ltr'><strong>trimetros</strong></span> 
     </span>
     <span class='ocr_line' id='line_1_6' title="bbox 447 995 808 1059; baseline 0 0"><span class='ocrx_word' id='word_1_39' title='bbox 447 995 808 1059; x_wconf 78' lang='lat' dir='ltr'><strong>stetissent.</strong></span> 
     </span>
    </p>
   </div>
   <div class='ocr_carea' id='block_1_4' title="bbox 873 1076 2199 1180">
    <p class='ocr_par' dir='ltr' id='par_1_4' title="bbox 873 1076 2199 1180">
     <span class='ocr_line' id='line_1_7' title="bbox 873 1076 2199 1180; baseline 0 -4"><span class='ocrx_word' id='word_1_40' title='bbox 873 1112 1067 1178; x_wconf 90' lang='lat' dir='ltr'><strong>Idem</strong></span> <span class='ocrx_word' id='word_1_41' title='bbox 1096 1112 1472 1179; x_wconf 86' lang='lat' dir='ltr'><strong>Declamat.</strong></span> <span class='ocrx_word' id='word_1_42' title='bbox 1505 1130 1614 1179; x_wconf 78' lang='lat' dir='ltr'><strong>lx·</strong></span> <span class='ocrx_word' id='word_1_43' title='bbox 1644 1116 1788 1180; x_wconf 84' lang='lat' dir='ltr'><strong>sive</strong></span> <span class='ocrx_word' id='word_1_44' title='bbox 1818 1076 2199 1180; x_wconf 77' lang='lat' dir='ltr'><strong>Gladiator.</strong></span> 
     </span>
    </p>
   </div>
   <div class='ocr_carea' id='block_1_5' title="bbox 446 1230 2646 1415">
    <p class='ocr_par' dir='ltr' id='par_1_5' title="bbox 446 1230 2646 1415">
     <span class='ocr_line' id='line_1_8' title="bbox 530 1230 2642 1329; baseline 0 -33"><span class='ocrx_word' id='word_1_45' title='bbox 530 1231 944 1309; x_wconf 80' lang='lat' dir='ltr'><strong>Terentium,</strong></span> <span class='ocrx_word' id='word_1_46' title='bbox 974 1250 1178 1315; x_wconf 88' lang='lat' dir='ltr'><strong>quem</strong></span> <span class='ocrx_word' id='word_1_47' title='bbox 1204 1232 1376 1297; x_wconf 81' lang='lat' dir='ltr'><strong>in&#39;ter</strong></span> <span class='ocrx_word' id='word_1_48' title='bbox 1404 1240 1669 1299; x_wconf 85' lang='lat' dir='ltr'><strong>ceteros</strong></span> <span class='ocrx_word' id='word_1_49' title='bbox 1699 1234 2033 1317; x_wconf 75' lang='lat' dir='ltr'><strong>captivoS,</strong></span> <span class='ocrx_word' id='word_1_50' title='bbox 2062 1232 2361 1329; x_wconf 83' lang='lat' dir='ltr'><strong>secundo</strong></span> <span class='ocrx_word' id='word_1_51' title='bbox 2383 1230 2642 1297; x_wconf 91' lang='lat' dir='ltr'><strong>Punico</strong></span> 
     </span>
     <span class='ocr_line' id='line_1_9' title="bbox 446 1330 2646 1415; baseline -0 -18"><span class='ocrx_word' id='word_1_52' title='bbox 446 1333 644 1411; x_wconf 90' lang='lat' dir='ltr'><strong>be110,</strong></span> <span class='ocrx_word' id='word_1_53' title='bbox 671 1331 903 1415; x_wconf 87' lang='lat' dir='ltr'><strong>Scipio</strong></span> <span class='ocrx_word' id='word_1_54' title='bbox 933 1330 1294 1397; x_wconf 83' lang='lat' dir='ltr'><strong>Africanus</strong></span> <span class='ocrx_word' id='word_1_55' title='bbox 1321 1334 1612 1399; x_wconf 84' lang='lat' dir='ltr'><strong>vinculis</strong></span> <span class='ocrx_word' id='word_1_56' title='bbox 1641 1333 2051 1411; x_wconf 80' lang='lat' dir='ltr'><strong>exsolverat,</strong></span> <span class='ocrx_word' id='word_1_57' title='bbox 2081 1334 2413 1398; x_wconf 80' lang='lat' dir='ltr'><strong>memoriae</strong></span> <span class='ocrx_word' id='word_1_58' title='bbox 2442 1332 2646 1399; x_wconf 85' lang='lat' dir='ltr'><strong>tradi-</strong></span> 
     </span>
    </p>
   </div>
   <div class='ocr_carea' id='block_1_6' title="bbox 447 1432 2645 1621">
    <p class='ocr_par' dir='ltr' id='par_1_6' title="bbox 447 1432 2645 1621">
     <span class='ocr_line' id='line_1_10' title="bbox 448 1432 2645 1519; baseline 0 -21"><span class='ocrx_word' id='word_1_59' title='bbox 448 1432 604 1498; x_wconf 81' lang='lat' dir='ltr'><strong>dere</strong></span> <span class='ocrx_word' id='word_1_60' title='bbox 630 1434 940 1519; x_wconf 89' lang='lat' dir='ltr'><strong>majores,</strong></span> <span class='ocrx_word' id='word_1_61' title='bbox 982 1434 1240 1517; x_wconf 84' lang='lat' dir='ltr'><strong>insigne</strong></span> <span class='ocrx_word' id='word_1_62' title='bbox 1283 1440 1574 1518; x_wconf 85' lang='lat' dir='ltr'><strong>receptae</strong></span> <span class='ocrx_word' id='word_1_63' title='bbox 1619 1436 1947 1500; x_wconf 83' lang='lat' dir='ltr'><strong>libertatis</strong></span> <span class='ocrx_word' id='word_1_64' title='bbox 1975 1434 2156 1517; x_wconf 89' lang='lat' dir='ltr'><strong>pileo</strong></span> <span class='ocrx_word' id='word_1_65' title='bbox 2183 1440 2531 1499; x_wconf 85' lang='lat' dir='ltr'><strong>testantem</strong></span> <span class='ocrx_word' id='word_1_66' title='bbox 2573 1434 2645 1498; x_wconf 89' lang='lat' dir='ltr'><strong>in</strong></span> 
     </span>
     <span class='ocr_line' id='line_1_11' title="bbox 447 1535 1675 1621; baseline 0.002 -21"><span class='ocrx_word' id='word_1_67' title='bbox 447 1535 777 1619; x_wconf 88' lang='lat' dir='ltr'><strong>triumpho</strong></span> <span class='ocrx_word' id='word_1_68' title='bbox 805 1536 998 1601; x_wconf 89' lang='lat' dir='ltr'><strong>ducis</strong></span> <span class='ocrx_word' id='word_1_69' title='bbox 1025 1554 1180 1601; x_wconf 87' lang='lat' dir='ltr'><strong>esse</strong></span> <span class='ocrx_word' id='word_1_70' title='bbox 1208 1545 1675 1621; x_wconf 87' lang='lat' dir='ltr'><strong>conspectum.</strong></span> 
     </span>
    </p>
   </div>
   <div class='ocr_carea' id='block_1_7' title="bbox 1094 1670 2005 1756">
    <p class='ocr_par' dir='ltr' id='par_1_7' title="bbox 1094 1670 2005 1756">
     <span class='ocr_line' id='line_1_12' title="bbox 1094 1670 2005 1756; baseline 0.001 -21"><span class='ocrx_word' id='word_1_71' title='bbox 1094 1670 1384 1751; x_wconf 89' lang='lat' dir='ltr'><strong>Plinius,</strong></span> <span class='ocrx_word' id='word_1_72' title='bbox 1409 1672 1527 1737; x_wconf 89' lang='lat' dir='ltr'><strong>lib.</strong></span> <span class='ocrx_word' id='word_1_73' title='bbox 1561 1690 1609 1736; x_wconf 90' lang='lat'><strong>1.</strong></span> <span class='ocrx_word' id='word_1_74' title='bbox 1643 1670 1866 1756; x_wconf 89' lang='lat' dir='ltr'><strong>Epist.</strong></span> <span class='ocrx_word' id='word_1_75' title='bbox 1896 1670 2005 1736; x_wconf 87' lang='grc'><strong>16.</strong></span> 
     </span>
    </p>
   </div>
   <div class='ocr_carea' id='block_1_8' title="bbox 452 1785 2645 1973">
    <p class='ocr_par' dir='ltr' id='par_1_8' title="bbox 452 1785 2645 1973">
     <span class='ocr_line' id='line_1_13' title="bbox 538 1785 2645 1874; baseline 0.001 -23"><span class='ocrx_word' id='word_1_76' title='bbox 538 1786 733 1869; x_wconf 86' lang='lat' dir='ltr'><strong>Legit</strong></span> <span class='ocrx_word' id='word_1_77' title='bbox 772 1788 935 1853; x_wconf 90' lang='lat' dir='ltr'><strong>mihi</strong></span> <span class='ocrx_word' id='word_1_78' title='bbox 981 1807 1191 1874; x_wconf 82' lang='lat' dir='ltr'><strong>nuper</strong></span> <span class='ocrx_word' id='word_1_79' title='bbox 1236 1790 1583 1873; x_wconf 84' lang='lat' dir='ltr'><strong>epistolas,</strong></span> <span class='ocrx_word' id='word_1_80' title='bbox 1637 1810 1808 1873; x_wconf 87' lang='lat' dir='ltr'><strong>quas</strong></span> <span class='ocrx_word' id='word_1_81' title='bbox 1850 1788 2084 1853; x_wconf 84' lang='lat' dir='ltr'><strong>uxoris</strong></span> <span class='ocrx_word' id='word_1_82' title='bbox 2126 1807 2282 1853; x_wconf 86' lang='lat' dir='ltr'><strong>esse</strong></span> <span class='ocrx_word' id='word_1_83' title='bbox 2339 1785 2645 1853; x_wconf 83' lang='lat' dir='ltr'><strong>dicebat:</strong></span> 
     </span>
     <span class='ocr_line' id='line_1_14' title="bbox 452 1886 2344 1973; baseline 0.002 -22"><span class='ocrx_word' id='word_1_84' title='bbox 452 1886 770 1967; x_wconf 79' lang='lat' dir='ltr'><strong>Plautum</strong></span> <span class='ocrx_word' id='word_1_85' title='bbox 797 1890 911 1954; x_wconf 80' lang='lat' dir='ltr'><strong>vel</strong></span> <span class='ocrx_word' id='word_1_86' title='bbox 937 1888 1321 1956; x_wconf 84' lang='lat' dir='ltr'><strong>Terentium</strong></span> <span class='ocrx_word' id='word_1_87' title='bbox 1348 1896 1558 1956; x_wconf 89' lang='lat' dir='ltr'><strong>metro</strong></span> <span class='ocrx_word' id='word_1_88' title='bbox 1588 1892 1874 1956; x_wconf 88' lang='lat' dir='ltr'><strong>solutum</strong></span> <span class='ocrx_word' id='word_1_89' title='bbox 1901 1891 2036 1973; x_wconf 84' lang='lat' dir='ltr'><strong>legi</strong></span> <span class='ocrx_word' id='word_1_90' title='bbox 2064 1890 2344 1955; x_wconf 89' lang='lat' dir='ltr'><strong>credidi.</strong></span> 
     </span>
    </p>
   </div>
   <div class='ocr_carea' id='block_1_9' title="bbox 1025 2037 2066 2124">
    <p class='ocr_par' dir='ltr' id='par_1_9' title="bbox 1025 2037 2066 2124">
     <span class='ocr_line' id='line_1_15' title="bbox 1025 2037 2066 2124; baseline 0 -21"><span class='ocrx_word' id='word_1_91' title='bbox 1025 2037 1114 2103; x_wconf 88' lang='grc' dir='ltr'><strong>Α.</strong></span> <span class='ocrx_word' id='word_1_92' title='bbox 1144 2039 1431 2120; x_wconf 85' lang='lat' dir='ltr'><strong>Gellius,</strong></span> <span class='ocrx_word' id='word_1_93' title='bbox 1458 2042 1575 2107; x_wconf 90' lang='lat' dir='ltr'><strong>lib.</strong></span> <span class='ocrx_word' id='word_1_94' title='bbox 1610 2057 1744 2105; x_wconf 80' lang='lat' dir='ltr'><strong>vn.</strong></span> <span class='ocrx_word' id='word_1_95' title='bbox 1778 2060 1932 2124; x_wconf 83' lang='lat' dir='ltr'><strong>cap.</strong></span> <span class='ocrx_word' id='word_1_96' title='bbox 1960 2040 2066 2103; x_wconf 90' lang='grc'><strong>14.</strong></span> 
     </span>
    </p>
   </div>
   <div class='ocr_carea' id='block_1_10' title="bbox 456 2151 2651 2439">
    <p class='ocr_par' dir='ltr' id='par_1_10' title="bbox 456 2151 2651 2439">
     <span class='ocr_line' id='line_1_16' title="bbox 542 2151 2649 2244; baseline 0 -26"><span class='ocrx_word' id='word_1_97' title='bbox 542 2151 725 2219; x_wconf 87' lang='lat' dir='ltr'><strong>Vera</strong></span> <span class='ocrx_word' id='word_1_98' title='bbox 753 2160 976 2219; x_wconf 86' lang='lat' dir='ltr'><strong>autem</strong></span> <span class='ocrx_word' id='word_1_99' title='bbox 1004 2162 1071 2221; x_wconf 87' lang='lat' dir='ltr'><strong>et</strong></span> <span class='ocrx_word' id='word_1_100' title='bbox 1097 2158 1371 2241; x_wconf 84' lang='lat' dir='ltr'><strong>propria</strong></span> <span class='ocrx_word' id='word_1_101' title='bbox 1411 2156 1793 2244; x_wconf 83' lang='lat' dir='ltr'><strong>hujusmodi</strong></span> <span class='ocrx_word' id='word_1_102' title='bbox 1837 2155 2190 2221; x_wconf 84' lang='lat' dir='ltr'><strong>formarum</strong></span> <span class='ocrx_word' id='word_1_103' title='bbox 2224 2151 2541 2234; x_wconf 82' lang='lat' dir='ltr'><strong>exempla</strong></span> <span class='ocrx_word' id='word_1_104' title='bbox 2581 2152 2649 2219; x_wconf 87' lang='lat' dir='ltr'><strong>in</strong></span> 
     </span>
     <span class='ocr_line' id='line_1_17' title="bbox 457 2254 2651 2339; baseline -0 -18"><span class='ocrx_word' id='word_1_105' title='bbox 457 2255 699 2321; x_wconf 85' lang='lat' dir='ltr'><strong>Latina</strong></span> <span class='ocrx_word' id='word_1_106' title='bbox 725 2256 958 2339; x_wconf 84' lang='lat' dir='ltr'><strong>lingua</strong></span> <span class='ocrx_word' id='word_1_107' title='bbox 982 2258 1086 2323; x_wconf 88' lang='lat' dir='ltr'><strong>M.</strong></span> <span class='ocrx_word' id='word_1_108' title='bbox 1104 2258 1320 2323; x_wconf 89' lang='lat' dir='ltr'><strong>Varro</strong></span> <span class='ocrx_word' id='word_1_109' title='bbox 1347 2278 1494 2323; x_wconf 84' lang='lat' dir='ltr'><strong>esse</strong></span> <span class='ocrx_word' id='word_1_110' title='bbox 1519 2259 1709 2336; x_wconf 88' lang='lat' dir='ltr'><strong>dicit,</strong></span> <span class='ocrx_word' id='word_1_111' title='bbox 1742 2258 2062 2322; x_wconf 89' lang='lat' dir='ltr'><strong>ubertatis</strong></span> <span class='ocrx_word' id='word_1_112' title='bbox 2079 2254 2477 2330; x_wconf 83' lang='lat' dir='ltr'><strong>Pacuvium,</strong></span> <span class='ocrx_word' id='word_1_113' title='bbox 2507 2272 2651 2334; x_wconf 76' lang='lat' dir='ltr'><strong>gra·</strong></span> 
     </span>
     <span class='ocr_line' id='line_1_18' title="bbox 456 2357 2060 2439; baseline 0 -17"><span class='ocrx_word' id='word_1_114' title='bbox 456 2358 734 2424; x_wconf 83' lang='lat' dir='ltr'><strong>cilitatis</strong></span> <span class='ocrx_word' id='word_1_115' title='bbox 762 2357 1116 2439; x_wconf 83' lang='lat' dir='ltr'><strong>Lucilium,</strong></span> <span class='ocrx_word' id='word_1_116' title='bbox 1143 2360 1630 2427; x_wconf 84' lang='lat' dir='ltr'><strong>mediocritatis</strong></span> <span class='ocrx_word' id='word_1_117' title='bbox 1654 2359 2060 2425; x_wconf 85' lang='lat' dir='ltr'><strong>Terentium.</strong></span> 
     </span>
    </p>
   </div>
   <div class='ocr_carea' id='block_1_11' title="bbox 1113 2476 1997 2563">
    <p class='ocr_par' dir='ltr' id='par_1_11' title="bbox 1113 2476 1997 2563">
     <span class='ocr_line' id='line_1_19' title="bbox 1113 2476 1997 2563; baseline 0.005 -22"><span class='ocrx_word' id='word_1_118' title='bbox 1113 2476 1329 2557; x_wconf 89' lang='lat' dir='ltr'><strong>Idem,</strong></span> <span class='ocrx_word' id='word_1_119' title='bbox 1371 2478 1492 2542; x_wconf 92' lang='lat' dir='ltr'><strong>lib.</strong></span> <span class='ocrx_word' id='word_1_120' title='bbox 1524 2494 1658 2543; x_wconf 87' lang='lat' dir='ltr'><strong>vn.</strong></span> <span class='ocrx_word' id='word_1_121' title='bbox 1704 2497 1854 2563; x_wconf 85' lang='lat' dir='ltr'><strong>cap.</strong></span> <span class='ocrx_word' id='word_1_122' title='bbox 1882 2478 1997 2545; x_wconf 84' lang='lat'><strong>21.</strong></span> 
     </span>
    </p>
   </div>
   <div class='ocr_carea' id='block_1_12' title="bbox 460 2588 2654 2775">
    <p class='ocr_par' dir='ltr' id='par_1_12' title="bbox 460 2588 2654 2775">
     <span class='ocr_line' id='line_1_20' title="bbox 545 2588 2652 2679; baseline -0.004 -15"><span class='ocrx_word' id='word_1_123' title='bbox 545 2590 792 2674; x_wconf 77' lang='lat' dir='ltr'><strong>Neque</strong></span> <span class='ocrx_word' id='word_1_124' title='bbox 819 2612 1060 2675; x_wconf 83' lang='lat' dir='ltr'><strong>magno</strong></span> <span class='ocrx_word' id='word_1_125' title='bbox 1089 2595 1437 2661; x_wconf 84' lang='lat' dir='ltr'><strong>intervallo</strong></span> <span class='ocrx_word' id='word_1_126' title='bbox 1465 2601 1707 2679; x_wconf 89' lang='lat' dir='ltr'><strong>postea</strong></span> <span class='ocrx_word' id='word_1_127' title='bbox 1737 2595 1825 2675; x_wconf 84' lang='lat' dir='ltr'><strong>Q.</strong></span> <span class='ocrx_word' id='word_1_128' title='bbox 1858 2596 2133 2671; x_wconf 89' lang='lat' dir='ltr'><strong>Ennius,</strong></span> <span class='ocrx_word' id='word_1_129' title='bbox 2164 2602 2238 2659; x_wconf 89' lang='lat' dir='ltr'><strong>et</strong></span> <span class='ocrx_word' id='word_1_130' title='bbox 2271 2591 2473 2678; x_wconf 82' lang='lat' dir='ltr'><strong>juxta</strong></span> <span class='ocrx_word' id='word_1_131' title='bbox 2501 2588 2652 2656; x_wconf 76' lang='lat' dir='ltr'><strong>Cae-</strong></span> 
     </span>
     <span class='ocr_line' id='line_1_21' title="bbox 460 2690 2654 2775; baseline -0.001 -18"><span class='ocrx_word' id='word_1_132' title='bbox 460 2691 660 2759; x_wconf 88' lang='lat' dir='ltr'><strong>cilius</strong></span> <span class='ocrx_word' id='word_1_133' title='bbox 687 2702 758 2758; x_wconf 89' lang='lat' dir='ltr'><strong>et</strong></span> <span class='ocrx_word' id='word_1_134' title='bbox 783 2694 1178 2775; x_wconf 77' lang='lat' dir='ltr'><strong>Terentius,</strong></span> <span class='ocrx_word' id='word_1_135' title='bbox 1202 2716 1284 2761; x_wconf 87' lang='lat' dir='ltr'><strong>ac</strong></span> <span class='ocrx_word' id='word_1_136' title='bbox 1315 2695 1602 2761; x_wconf 89' lang='lat' dir='ltr'><strong>subinde</strong></span> <span class='ocrx_word' id='word_1_137' title='bbox 1644 2697 2025 2762; x_wconf 85' lang='lat' dir='ltr'><strong>Pacuvius:</strong></span> <span class='ocrx_word' id='word_1_138' title='bbox 2072 2704 2139 2761; x_wconf 91' lang='lat' dir='ltr'><strong>et</strong></span> <span class='ocrx_word' id='word_1_139' title='bbox 2167 2692 2470 2759; x_wconf 85' lang='lat' dir='ltr'><strong>Pacuvio</strong></span> <span class='ocrx_word' id='word_1_140' title='bbox 2503 2690 2654 2775; x_wconf 88' lang='lat' dir='ltr'><strong>jam</strong></span> 
     </span>
    </p>
   </div>
   <div class='ocr_carea' id='block_1_13' title="bbox 461 2793 2655 2964">
    <p class='ocr_par' dir='ltr' id='par_1_13' title="bbox 461 2793 2655 2964">
     <span class='ocr_line' id='line_1_22' title="bbox 461 2793 2655 2883; baseline -0.001 -24"><span class='ocrx_word' id='word_1_141' title='bbox 461 2812 619 2859; x_wconf 80' lang='lat' dir='ltr'><strong>seue</strong></span> <span class='ocrx_word' id='word_1_142' title='bbox 647 2793 924 2874; x_wconf 75' lang='lat' dir='ltr'><strong>AcciuS‚</strong></span> <span class='ocrx_word' id='word_1_143' title='bbox 952 2797 1327 2882; x_wconf 85' lang='lat' dir='ltr'><strong>clariorque</strong></span> <span class='ocrx_word' id='word_1_144' title='bbox 1358 2805 1518 2864; x_wconf 90' lang='lat' dir='ltr'><strong>tunc</strong></span> <span class='ocrx_word' id='word_1_145' title='bbox 1557 2799 1627 2862; x_wconf 88' lang='lat' dir='ltr'><strong>in</strong></span> <span class='ocrx_word' id='word_1_146' title='bbox 1654 2797 1995 2883; x_wconf 66' lang='lat' dir='ltr'><strong>poematis</strong></span> <span class='ocrx_word' id='word_1_147' title='bbox 2038 2814 2261 2861; x_wconf 89' lang='lat' dir='ltr'><strong>eorum</strong></span> <span class='ocrx_word' id='word_1_148' title='bbox 2287 2795 2655 2859; x_wconf 88' lang='lat' dir='ltr'><strong>obtrectan-</strong></span> 
     </span>
     <span class='ocr_line' id='line_1_23' title="bbox 461 2895 1066 2964; baseline 0.005 -5"><span class='ocrx_word' id='word_1_149' title='bbox 461 2895 568 2961; x_wconf 90' lang='lat' dir='ltr'><strong>dis</strong></span> <span class='ocrx_word' id='word_1_150' title='bbox 593 2897 895 2963; x_wconf 88' lang='lat' dir='ltr'><strong>Lucilius</strong></span> <span class='ocrx_word' id='word_1_151' title='bbox 918 2899 1066 2964; x_wconf 85' lang='lat' dir='ltr'><strong>suit.</strong></span> 
     </span>
    </p>
   </div>
   <div class='ocr_carea' id='block_1_14' title="bbox 843 3046 2282 3131">
    <p class='ocr_par' dir='ltr' id='par_1_14' title="bbox 843 3046 2282 3131">
     <span class='ocr_line' id='line_1_24' title="bbox 843 3046 2282 3131; baseline -0.003 -20"><span class='ocrx_word' id='word_1_152' title='bbox 843 3046 1218 3127; x_wconf 74' lang='lat' dir='ltr'><strong>AusoniuS,</strong></span> <span class='ocrx_word' id='word_1_153' title='bbox 1248 3049 1318 3113; x_wconf 90' lang='lat' dir='ltr'><strong>in</strong></span> <span class='ocrx_word' id='word_1_154' title='bbox 1348 3049 1777 3131; x_wconf 85' lang='lat' dir='ltr'><strong>Protreptico</strong></span> <span class='ocrx_word' id='word_1_155' title='bbox 1806 3046 1891 3112; x_wconf 89' lang='lat' dir='ltr'><strong>ad</strong></span> <span class='ocrx_word' id='word_1_156' title='bbox 1924 3046 2282 3129; x_wconf 88' lang='lat' dir='ltr'><strong>Nepotem.</strong></span> 
     </span>
    </p>
   </div>
   <div class='ocr_carea' id='block_1_15' title="bbox 635 3160 2418 3451">
    <p class='ocr_par' dir='ltr' id='par_1_15' title="bbox 635 3160 2418 3451">
     <span class='ocr_line' id='line_1_25' title="bbox 635 3160 2366 3250; baseline -0.002 -22"><span class='ocrx_word' id='word_1_157' title='bbox 635 3163 743 3228; x_wconf 87' lang='lat' dir='ltr'><strong>Tu</strong></span> <span class='ocrx_word' id='word_1_158' title='bbox 772 3184 1042 3250; x_wconf 88' lang='lat' dir='ltr'><strong>quoque</strong></span> <span class='ocrx_word' id='word_1_159' title='bbox 1071 3168 1185 3250; x_wconf 87' lang='lat' dir='ltr'><strong>qui</strong></span> <span class='ocrx_word' id='word_1_160' title='bbox 1207 3166 1478 3233; x_wconf 86' lang='lat' dir='ltr'><strong>Latium</strong></span> <span class='ocrx_word' id='word_1_161' title='bbox 1505 3168 1681 3233; x_wconf 91' lang='lat' dir='ltr'><strong>lecto</strong></span> <span class='ocrx_word' id='word_1_162' title='bbox 1712 3184 2042 3242; x_wconf 88' lang='lat' dir='ltr'><strong>sermone,</strong></span> <span class='ocrx_word' id='word_1_163' title='bbox 2071 3160 2366 3240; x_wconf 84' lang='lat' dir='ltr'><strong>Terenti,</strong></span> 
     </span>
     <span class='ocr_line' id='line_1_26' title="bbox 638 3265 2191 3354; baseline -0.002 -23"><span class='ocrx_word' id='word_1_164' title='bbox 638 3265 876 3333; x_wconf 87' lang='lat' dir='ltr'><strong>Comis</strong></span> <span class='ocrx_word' id='word_1_165' title='bbox 903 3275 971 3334; x_wconf 90' lang='lat' dir='ltr'><strong>et</strong></span> <span class='ocrx_word' id='word_1_166' title='bbox 997 3270 1264 3334; x_wconf 82' lang='lat' dir='ltr'><strong>astricto</strong></span> <span class='ocrx_word' id='word_1_167' title='bbox 1293 3271 1629 3354; x_wconf 88' lang='lat' dir='ltr'><strong>percurris</strong></span> <span class='ocrx_word' id='word_1_168' title='bbox 1655 3269 1932 3353; x_wconf 87' lang='lat' dir='ltr'><strong>pulpita</strong></span> <span class='ocrx_word' id='word_1_169' title='bbox 1959 3284 2191 3343; x_wconf 90' lang='lat' dir='ltr'><strong>socco,</strong></span> 
     </span>
     <span class='ocr_line' id='line_1_27' title="bbox 637 3368 2418 3451; baseline -0.004 -18"><span class='ocrx_word' id='word_1_170' title='bbox 637 3368 744 3435; x_wconf 80' lang='lat' dir='ltr'><strong>Ad</strong></span> <span class='ocrx_word' id='word_1_171' title='bbox 775 3390 954 3437; x_wconf 85' lang='lat' dir='ltr'><strong>nova</strong></span> <span class='ocrx_word' id='word_1_172' title='bbox 979 3372 1102 3437; x_wconf 81' lang='lat' dir='ltr'><strong>vix</strong></span> <span class='ocrx_word' id='word_1_173' title='bbox 1129 3391 1484 3438; x_wconf 89' lang='lat' dir='ltr'><strong>memorem</strong></span> <span class='ocrx_word' id='word_1_174' title='bbox 1512 3372 1817 3437; x_wconf 85' lang='lat' dir='ltr'><strong>diverbia</strong></span> <span class='ocrx_word' id='word_1_175' title='bbox 1846 3389 2017 3451; x_wconf 85' lang='lat' dir='ltr'><strong>coge</strong></span> <span class='ocrx_word' id='word_1_176' title='bbox 2050 3370 2418 3432; x_wconf 83' lang='lat' dir='ltr'><strong>senectam.</strong></span> 
     </span>
    </p>
   </div>
   <div class='ocr_carea' id='block_1_16' title="bbox 965 3513 2153 3600">
    <p class='ocr_par' dir='ltr' id='par_1_16' title="bbox 965 3513 2153 3600">
     <span class='ocr_line' id='line_1_28' title="bbox 965 3513 2153 3600; baseline -0.006 -18"><span class='ocrx_word' id='word_1_177' title='bbox 965 3517 1276 3583; x_wconf 84' lang='lat' dir='ltr'><strong>Lactant.</strong></span> <span class='ocrx_word' id='word_1_178' title='bbox 1320 3518 1403 3583; x_wconf 89' lang='lat' dir='ltr'><strong>de</strong></span> <span class='ocrx_word' id='word_1_179' title='bbox 1450 3518 1656 3583; x_wconf 84' lang='lat' dir='ltr'><strong>Falsa</strong></span> <span class='ocrx_word' id='word_1_180' title='bbox 1699 3517 1864 3600; x_wconf 87' lang='lat' dir='ltr'><strong>Sap.</strong></span> <span class='ocrx_word' id='word_1_181' title='bbox 1908 3534 2060 3598; x_wconf 87' lang='lat' dir='ltr'><strong>cap.</strong></span> <span class='ocrx_word' id='word_1_182' title='bbox 2088 3513 2153 3576; x_wconf 86' lang='grc'><strong>4.</strong></span> 
     </span>
    </p>
   </div>
   <div class='ocr_carea' id='block_1_17' title="bbox 554 3621 2657 3724">
    <p class='ocr_par' dir='ltr' id='par_1_17' title="bbox 554 3621 2657 3724">
     <span class='ocr_line' id='line_1_29' title="bbox 554 3621 2657 3724; baseline -0.005 -29"><span class='ocrx_word' id='word_1_183' title='bbox 554 3630 775 3696; x_wconf 86' lang='lat' dir='ltr'><strong>Nemo</strong></span> <span class='ocrx_word' id='word_1_184' title='bbox 819 3640 1049 3716; x_wconf 87' lang='lat' dir='ltr'><strong>potest</strong></span> <span class='ocrx_word' id='word_1_185' title='bbox 1093 3635 1178 3702; x_wconf 89' lang='lat' dir='ltr'><strong>de</strong></span> <span class='ocrx_word' id='word_1_186' title='bbox 1228 3658 1302 3703; x_wconf 87' lang='lat' dir='ltr'><strong>se</strong></span> <span class='ocrx_word' id='word_1_187' title='bbox 1343 3644 1522 3704; x_wconf 85' lang='lat' dir='ltr'><strong>recte</strong></span> <span class='ocrx_word' id='word_1_188' title='bbox 1557 3637 1888 3724; x_wconf 89' lang='lat' dir='ltr'><strong>judicare,</strong></span> <span class='ocrx_word' id='word_1_189' title='bbox 1930 3631 2114 3716; x_wconf 89' lang='lat' dir='ltr'><strong>quod</strong></span> <span class='ocrx_word' id='word_1_190' title='bbox 2155 3626 2401 3695; x_wconf 84' lang='lat' dir='ltr'><strong>nobilis</strong></span> <span class='ocrx_word' id='word_1_191' title='bbox 2444 3621 2657 3706; x_wconf 65' lang='lat' dir='ltr'><strong>poeta</strong></span> 
     </span>
    </p>
   </div>
   <div class='ocr_carea' id='block_1_18' title="bbox 467 3734 2655 3902">
    <p class='ocr_par' dir='ltr' id='par_1_18' title="bbox 467 3734 2655 3902">
     <span class='ocr_line' id='line_1_30' title="bbox 467 3734 2655 3823; baseline -0.006 -24"><span class='ocrx_word' id='word_1_192' title='bbox 467 3738 792 3799; x_wconf 86' lang='lat' dir='ltr'><strong>testatur:</strong></span> <span class='ocrx_word' id='word_1_193' title='bbox 848 3734 964 3799; x_wconf 87' lang='lat' dir='ltr'><strong>Ita</strong></span> <span class='ocrx_word' id='word_1_194' title='bbox 1011 3738 1188 3801; x_wconf 87' lang='lat' dir='ltr'><strong>enim</strong></span> <span class='ocrx_word' id='word_1_195' title='bbox 1237 3745 1693 3823; x_wconf 86' lang='lat' dir='ltr'><strong>comparatam</strong></span> <span class='ocrx_word' id='word_1_196' title='bbox 1742 3756 1895 3802; x_wconf 87' lang='lat' dir='ltr'><strong>esse</strong></span> <span class='ocrx_word' id='word_1_197' title='bbox 1944 3734 2282 3799; x_wconf 89' lang='lat' dir='ltr'><strong>hominum</strong></span> <span class='ocrx_word' id='word_1_198' title='bbox 2328 3734 2655 3798; x_wconf 86' lang='lat' dir='ltr'><strong>naturam,</strong></span> 
     </span>
     <span class='ocr_line' id='line_1_31' title="bbox 471 3839 592 3902; baseline -0.041 0"><span class='ocrx_word' id='word_1_199' title='bbox 471 3839 592 3902; x_wconf 72' lang='grc' dir='ltr'><strong>διο.</strong></span> 
     </span>
    </p>
   </div>
   <div class='ocr_carea' id='block_1_19' title="bbox 1151 3937 1969 4004">
    <p class='ocr_par' dir='ltr' id='par_1_19' title="bbox 1151 3937 1969 4004">
     <span class='ocr_line' id='line_1_32' title="bbox 1151 3937 1969 4004; baseline -0.001 -2"><span class='ocrx_word' id='word_1_200' title='bbox 1151 3937 1490 4004; x_wconf 80' lang='lat' dir='ltr'><strong>Eusebius</strong></span> <span class='ocrx_word' id='word_1_201' title='bbox 1516 3938 1588 4004; x_wconf 90' lang='lat' dir='ltr'><strong>in</strong></span> <span class='ocrx_word' id='word_1_202' title='bbox 1617 3938 1969 4003; x_wconf 85' lang='lat' dir='ltr'><strong>Chronico.</strong></span> 
     </span>
    </p>
   </div>
   <div class='ocr_carea' id='block_1_20' title="bbox 558 4059 2655 4153">
    <p class='ocr_par' dir='ltr' id='par_1_20' title="bbox 558 4059 2655 4153">
     <span class='ocr_line' id='line_1_33' title="bbox 558 4059 2655 4153; baseline -0.007 -16"><span class='ocrx_word' id='word_1_203' title='bbox 558 4071 914 4137; x_wconf 75' lang='lat' dir='ltr'><strong>Ptolomaei</strong></span> <span class='ocrx_word' id='word_1_204' title='bbox 948 4085 1045 4133; x_wconf 85' lang='lat' dir='ltr'><strong>v1.</strong></span> <span class='ocrx_word' id='word_1_205' title='bbox 1073 4070 1146 4135; x_wconf 90' lang='lat' dir='ltr'><strong>id</strong></span> <span class='ocrx_word' id='word_1_206' title='bbox 1175 4076 1299 4150; x_wconf 85' lang='lat' dir='ltr'><strong>est,</strong></span> <span class='ocrx_word' id='word_1_207' title='bbox 1346 4070 1829 4138; x_wconf 89' lang='lat' dir='ltr'><strong>Philometoris</strong></span> <span class='ocrx_word' id='word_1_208' title='bbox 1867 4088 2070 4153; x_wconf 80' lang='lat' dir='ltr'><strong>regno</strong></span> <span class='ocrx_word' id='word_1_209' title='bbox 2101 4063 2393 4147; x_wconf 81' lang='lat' dir='ltr'><strong>decessit</strong></span> <span class='ocrx_word' id='word_1_210' title='bbox 2421 4060 2501 4125; x_wconf 92' lang='grc' dir='ltr'><strong>Ρ.</strong></span> <span class='ocrx_word' id='word_1_211' title='bbox 2525 4059 2655 4125; x_wconf 87' lang='lat' dir='ltr'><strong>Te-</strong></span> 
     </span>
    </p>
   </div>
   <div class='ocr_carea' id='block_1_21' title="bbox 473 4166 2655 4352">
    <p class='ocr_par' dir='ltr' id='par_1_21' title="bbox 473 4166 2655 4352">
     <span class='ocr_line' id='line_1_34' title="bbox 473 4166 2655 4257; baseline -0.003 -20"><span class='ocrx_word' id='word_1_212' title='bbox 473 4174 746 4252; x_wconf 88' lang='lat' dir='ltr'><strong>rentius,</strong></span> <span class='ocrx_word' id='word_1_213' title='bbox 795 4191 929 4257; x_wconf 87' lang='lat' dir='ltr'><strong>quo</strong></span> <span class='ocrx_word' id='word_1_214' title='bbox 969 4176 1264 4257; x_wconf 86' lang='lat' dir='ltr'><strong>tempore</strong></span> <span class='ocrx_word' id='word_1_215' title='bbox 1303 4173 1753 4253; x_wconf 75' lang='lat' dir='ltr'><strong>AristarchuS,</strong></span> <span class='ocrx_word' id='word_1_216' title='bbox 1800 4171 2323 4238; x_wconf 88' lang='lat' dir='ltr'><strong>Homericorum</strong></span> <span class='ocrx_word' id='word_1_217' title='bbox 2366 4166 2483 4232; x_wconf 88' lang='lat' dir='ltr'><strong>ille</strong></span> <span class='ocrx_word' id='word_1_218' title='bbox 2511 4182 2655 4232; x_wconf 79' lang='lat' dir='ltr'><strong>ver·</strong></span> 
     </span>
     <span class='ocr_line' id='line_1_35' title="bbox 476 4274 1231 4352; baseline -0.003 -9"><span class='ocrx_word' id='word_1_219' title='bbox 476 4294 672 4343; x_wconf 85' lang='lat' dir='ltr'><strong>suum</strong></span> <span class='ocrx_word' id='word_1_220' title='bbox 702 4293 958 4352; x_wconf 86' lang='lat' dir='ltr'><strong>censor,</strong></span> <span class='ocrx_word' id='word_1_221' title='bbox 988 4274 1231 4343; x_wconf 85' lang='lat' dir='ltr'><strong>floruit.</strong></span> 
     </span>
    </p>
   </div>
  </div>
 </body>
</html>
