3234 4934
1381 431 1794 484 ruffina-rio.
2595 411 2681 484 27

487 582 645 644 tunc
675 571 886 640 Helm
894 574 1098 640 stadii
1125 575 1368 657 degens
1405 577 1710 642 contulit.
1798 575 1957 641 Hos
1997 577 2175 641 enim
2216 575 2493 656 scholiis
2532 575 2681 644 'sive

491 677 742 761 glossis
781 675 1144 742 destitutos
1193 677 1367 756 esse,
1411 678 1691 744 doctiss.
1741 679 1854 744 ille
1886 678 2250 757 Gesenius,
2298 678 2529 759 Halm,
2566 680 2685 744 ubi

489 798 662 844 nunc
693 777 1104 843 Professoris
1132 779 1522 862 Theologiae
1551 800 1815 845 munere
1832 781 2149 863 fungitur,
2178 780 2342 846 mihi
2368 782 2683 848 narravit.

492 880 720 946 Alium
749 879 1050 946 codicem
1081 879 1552 946 Terentianum
1585 881 1833 963 glossis
1862 883 2188 965 repletum
2216 884 2541 966 scriptum
2565 901 2685 947 an-

493 1002 582 1048 no
613 985 805 1048 1474.
833 983 1226 1065 possidebat
1265 983 1544 1048 doctiss.
1587 981 1851 1062 Niclas,
1902 991 2120 1049 rector
2164 985 2683 1067 Luneburgicus,

493 1085 608 1167 qui
644 1084 820 1148 hunc
849 1101 1003 1148 cum
1033 1085 1274 1149 ceteris
1306 1086 1448 1149 suis
1499 1084 1690 1150 libris
1738 1091 1904 1169 post
1948 1091 2217 1150 mortem
2246 1085 2682 1152 Bibliotheca

495 1185 892 1252 Monasterii
941 1186 1012 1250 S.
1059 1184 1426 1252 Michaelis
1467 1185 1669 1270 juxta
1720 1186 2187 1270 Luneburgum
2234 1187 2457 1252 inferri
2492 1207 2683 1254 cura-

493 1295 720 1354 verat.·

575 1388 716 1454 Sed
739 1395 1034 1454 revertor
1061 1388 1150 1454 ad
1179 1389 1508 1468 codicem,
1531 1409 1731 1472 quem
1754 1395 1909 1456 ante
1928 1390 2158 1456 oculos
2178 1388 2419 1456 habeo.
2480 1390 2685 1456 Hunc

498 1492 836 1558 continere
861 1491 1123 1574 glossas
1155 1491 1304 1556 sive
1334 1491 1592 1558 scholia
1620 1493 1709 1556 ab
1724 1492 1943 1558 'editis
1994 1492 2289 1569 diversa,
2336 1493 2489 1576 ipse
2526 1511 2689 1558 cona

497 1599 776 1678 spectus
801 1592 1066 1658 abunde
1095 1593 1320 1658 docet.
1409 1592 1765 1672 Quatenus
1794 1611 1951 1658 cnm
1978 1594 2067 1658 iis
2092 1594 2504 1677 conspirent,
2534 1615 2687 1678 quae

496 1693 568 1757 in
607 1693 954 1760 codicibus
1003 1699 1158 1760 ante
1203 1695 1588 1760 memoratis
1634 1696 1957 1777 leg-untur,
2000 1695 2153 1760 aliis
2200 1695 2689 1779 explorandum

495 1795 820 1879 relinquo.
891 1795 1254 1862 Auctorem
1283 1795 1915 1864 scholiorumoetate
1951 1797 2225 1863 Donato
2252 1799 2689 1879 grammatico

497 1898 750 1964 Saeculi
783 1899 1282 1964 1v.inferiorem
1303 1919 1480 1978 esse,
1499 1907 1701 1965 extra
1716 1919 1989 1966 ornnem·
2000 1899 2445 1966 dubitationis
2468 1900 2687 1966 aleam

499 2003 791 2084 positum
845 2006 967 2078 est,
1023 2001 1184 2084 quia
1231 2001 1578 2067 Donatum
1630 2009 1869 2068 testem
1914 2002 2233 2086 producit
2276 2002 2343 2065 in
2396 2000 2692 2082 Prolog'o

499 2101 828 2168 Eunuchi.
913 2101 1132 2166 Immo
1159 2102 1384 2166 nullus
1413 2102 1676 2180 dubito,
1722 2122 1876 2168 eum
1910 2122 1997 2167 ne
2042 2101 2497 2186 Eugraphium
2542 2104 2693 2185 qui-

501 2201 650 2268 dem
677 2203 1074 2286 scriptorem
1102 2203 1338 2268 saeculi
1386 2219 1467 2267 x.
1511 2209 1715 2268 oetate
1744 2203 2155 2269 antecedere.
2241 2202 2693 2286 Eugraphium

499 2303 590 2368 ab
633 2323 720 2370 eo
761 2304 1132 2371 lectitatum
1179 2323 1356 2382 esse,
1399 2322 1488 2368 ex
1535 2307 1964 2371 consensione
1998 2303 2318 2369 Notarum
2347 2303 2695 2387 utriusque

501 2408 796 2474 auctoris
822 2407 1170 2492 probabile
1197 2412 1320 2472 est.
1409 2407 1492 2472 In
1520 2413 1691 2473 nota
1728 2406 1845 2492 [ad
1874 2404 2087 2471 Andr.
2122 2423 2237 2470 ιιι.
2282 2405 2347 2469 3.
2388 2404 2527 2485 34]
2568 2423 2695 2489 pro

503 2505 988 2592 significatione
1034 2507 1352 2574 vocabuli
1411 2513 1432 2543 ‘
1459 2509 1783 2592 periclum
1814 2508 1835 2536 ’
1892 2507 2161 2574 affertur
2204 2508 2395 2571 locus
2442 2527 2529 2571 ex
2578 2504 2695 2571 Ci-

505 2621 773 2690 cerone,
815 2630 1014 2696 quem
1040 2611 1440 2676 laudaverat
1459 2611 1904 2694 Eugrapbius.
1992 2609 2306 2674 Scholion
2337 2608 2449 2690 [ad
2480 2606 2695 2672 Andr.

511 2728 620 2778 ιιι.
645 2715 710 2777 4.
741 2711 878 2793 14.]
919 2713 1058 2778 sere
1095 2713 1378 2778 totidem
1425 2713 1649 2786 verbis
1697 2711 1881 2796 apud
1934 2709 2387 2793 Eugrapbium
2436 2709 2699 2792 legitur.-

507 2812 590 2880 In
616 2821 782 2880 nota
826 2815 940 2898 [ad
982 2813 1193 2879 Andr.
1245 2832 1348 2879 ιν.
1393 2817 1458 2881 3.
1508 2815 1610 2896 1.]
1646 2816 1735 2880 ad
1777 2813 2099 2881 tuendam
2142 2811 2697 2894 significationem

508 2919 528 2950 ‘
555 2915 942 3001 proprium,'
961 2917 1170 3000 ·quod
1199 2917 1308 2995 sit,
1352 2923 1774 3001 perpetuum,
1812 2917 2011 2981 locus
2037 2913 2473 2989 nonneminis,
2501 2912 2701 2995 cujus

512 3023 733 3083 tamen
779 3036 1020 3081 nomen
1066 3017 1406 3095 reticetur,
1446 3016 1761 3081 laudatur
1805 3022 1824 3054 ‘
1846 3023 1919 3080 ut
1968 3014 2137 3078 illud
2179 3017 2200 3047 ‘
2226 3015 2699 3094 propriamque

514 3115 837 3184 dicabo.’'
921 3118 1132 3184 Extat
1177 3116 1286 3184 hic
1333 3119 1526 3185 locus
1573 3119 1757 3204 apud
1800 3115 2159 3198 Virgilium
2202 3113 2357 3177 AEn.
2403 3127 2503 3177 lv,
2546 3112 2700 3179 126.

513 3239 802 3304 eumque
828 3219 1231 3286 laudaverat
1253 3219 1695 3304 Eugrapbius,
1724 3219 1934 3284 alium
1965 3217 2293 3284 Donatus.
2324 3241 2333 3246 ·
2380 3212 2602 3278 Etiam
2626 3213 2703 3279 iu

511 3321 668 3406 ipso
715 3328 907 3387 textu
955 3322 1416 3387 concinnando
1467 3322 1917 3406 Eugraphium
1966 3325 2241 3384 secutus
2288 3324 2414 3381 est.
2518 3314 2703 3382 Nam
2778 3337 2789 3346 ·

511 3422 760 3489 fundus
795 3423 1110 3488 lectionis
1153 3427 1174 3458 ⁶
1201 3421 1286 3488 ad
1318 3423 1779 3488 auxiliandum
1807 3422 2077 3505 copiam
2093 3417 2112 3444 '
2155 3416 2365 3482 Andr.
2395 3431 2476 3480 ιι.
2507 3417 2569 3480 1.
2595 3416 2705 3482 m.

516 3531 624 3591 est
647 3527 716 3590 in
747 3525 1158 3608 Eugraphio,
1203 3522 1346 3607 qui,
1381 3529 1556 3589 teste
1591 3523 1920 3599 Bentleio,
1962 3521 2171 3586 habet
2210 3523 2233 3553 ‘
2259 3517 2347 3583 ad
2375 3517 2705 3584 auxilium

522 3625 830 3710 copiam!
917 3627 1149 3692 Lectio
1178 3625 1393 3711 jactas
1420 3623 1629 3690 Andr.
1663 3641 1734 3689 v,
1792 3625 1859 3688 4.
1886 3623 1951 3686 9.
2000 3626 2193 3686 extat
2236 3621 2310 3684 in
2352 3627 2521 3685 nota
2568 3619 2707 3684 En-

523 3728 780 3811 graphii
804 3729 895 3794 >ad
923 3729 988 3794 h.
1020 3727 1066 3792 l.
1155 3728 1296 3793 Hic
1325 3734 1552 3793 tamen
1583 3725 1951 3809 Eugraphii
1979 3732 2045 3789 et
2071 3722 2459 3788 scholiastis
2495 3723 2708 3786 nostri

523 3849 892 3896 consensus
933 3850 1066 3896 nou
1117 3835 1348 3894 tantus
1389 3835 1514 3907 est,
1558 3836 1640 3894 ut
1682 3827 1855 3891 hunc
1897 3827 2405 3909 epitomatorem
2432 3823 2541 3886 vel
2586 3841 2711 3886 ex-

523 3934 914 4018 scriptorem
963 3931 1438 3998 Commentarii
1499 3929 1957 4013 Eugrapbiani
2014 3927 2325 3992 habeam.
2436 3923 2709 3990 Cetero-

521 4037 680 4118 qnin
707 4035 1046 4101 Latinitas
1077 4032 1224 4116 ejus
1249 4033 1526 4098 barbara
1551 4040 1627 4098 et
1650 4030 1911 4096 soloeca
1938 4031 2107 4094 satis
2132 4028 2393 4110 probat,
2435 4023 2523 4088 ad
2552 4043 2711 4092 ean·

523 4137 674 4204 dem
719 4145 990 4202 aetatem
1035 4134 1476 4215 ablegandum
1521 4155 1698 4211 esse,
1751 4150 1887 4216 qua
1934 4127 2150 4196 codex
2196 4128 2351 4210 ipse
2390 4137 2713 4192 exaratus

526 4243 646 4318 eet,
687 4239 732 4302 i.
764 4258 824 4302 e.
851 4236 940 4302 ad
967 4235 1302 4302 Saeculum
1331 4247 1407 4300 x.
1436 4236 1546 4302 vel
1575 4235 1807 4320 potius
1838 4249 1949 4316 ξι.
2034 4229 2110 4295 Si
2154 4228 2335 4296 enim
2366 4228 2721 4295 Fabricius
