3234 4934
1298 381 1708 476 PRAEsA'rro.
2549 410 2593 472 5

405 583 586 633 mum
608 569 767 647 post
792 563 940 647 ejus
969 562 1210 628 fatain
1253 561 1544 628 solidum
1585 563 1747 628 mihi
1780 563 2102 629 tributus:
2149 565 2265 630 ille
2296 585 2591 634 commu-

405 669 674 738 nicatus
701 685 957 732 mecum
990 684 1033 729 a
1063 663 1243 728 Nob.
1274 664 1470 743 Viro,
1491 664 1537 729 J
1539 684 1604 730 o.
1635 663 1741 728 De
1764 663 1933 741 Wit,
1966 665 2389 750 Amplissimi
2413 664 2588 745 Viri,

405 767 516 832 Jo.
572 767 680 832 De
725 767 895 844 Wit,
931 767 1095 834 ,urbi
1143 766 1597 832 Dordracenae
1646 786 1864 850 nuper
1918 785 1961 831 a
2002 766 2321 846 Secretis,
2384 767 2588 846 Filio,

407 868 824 934 Summorum
872 867 1204 951 quondam
1239 868 1419 952 apud
1451 869 1757 935 Batavos
1790 867 2119 947 Virorum,
2147 869 2193 934 J
2196 889 2261 936 o.
2292 875 2361 936 et
2390 869 2589 937 Com.

407 971 514 1034 De
538 970 687 1035 Wit
717 971 1026 1054 Nepote:
1054 972 1161 1035 bic
1183 991 1222 1035 e
1243 972 1665 1037 Bibliotheca
1684 972 1947 1053 insigni,
1968 972 2118 1038 Viri
2142 973 2599 1058 Nobilissimi,

405 1071 734 1137 Theodori
775 1072 1348 1150 Boendermakeri,
1386 1071 1710 1138 Canonici
1740 1073 1809 1138 S.
1840 1074 2111 1140 Martini
2140 1078 2319 1160 apud
2367 1079 2591 1146 Ultra·

392 1173 705 1256 jectinoS,
735 1175 1056 1239 coiimtus.
1147 1175 1256 1238 De
1289 1174 1441 1238 aliis
1487 1174 1709 1238 Libris
1754 1194 1947 1240 manu
1988 1179 2310 1258 exaratis,
2344 1181 2589 1263 quibus

405 1274 678 1340 Gabriel
716 1275 1044 1354 FaernuS,
1092 1277 1446 1360 Philippus
1484 1276 1766 1354 Pareae,
1812 1277 2215 1345 Franciscus
2256 1282 2584 1368 Guyetus,

402 1375 448 1440 J
451 1396 698 1445 oannes
743 1378 1084 1442 Henricus
1146 1378 1514 1456 BoecleruS,
1558 1377 1697 1443 sed
1758 1386 1821 1443 et
1882 1381 2111 1464 plures
2168 1383 2287 1447 alii
2339 1383 2589 1450 dudum

404 1484 554 1543 sunt
599 1481 727 1556 usi,
782 1499 1091 1563 quosque
1143 1480 1388 1562 partim
1434 1480 1506 1542 in
1550 1486 1779 1562 partes
1825 1482 2087 1560 vocavi,
2148 1485 2367 1550 dicere
2428 1487 2589 1551 nihil

404 1580 662 1645 attinet.
753 1581 987 1646 Nolim
1043 1586 1259 1647 tamen
1304 1583 1673 1660 existimeS,
1730 1585 1827 1648 ita
1882 1585 2185 1666 religiose
2229 1606 2274 1652 a
2315 1607 2421 1652 me
2466 1608 2587 1653 ex-

403 1699 673 1747 cussam
727 1683 1074 1749 Librorum
1123 1685 1440 1761 omnium,
1497 1703 1669 1767 quos
1717 1683 2011 1763 laudavi,
2048 1687 2467 1771 scripturam,
2514 1699 2589 1755 ut

399 1803 630 1852 omnes
673 1785 904 1868 apices
947 1785 1400 1870 persequendo
1452 1785 1641 1864 nihil,
1694 1786 1874 1869 quod
1922 1805 1965 1850 a
2002 1789 2279 1869 vulgata
2305 1792 2589 1858 lectione

401 1887 633 1964 abiret,
691 1905 824 1951 non
875 1889 1304 1952 observatum
1353 1887 1734 1952 dimiserim.
1832 1887 1933 1952 Ea
1990 1889 2175 1968 mihi,
2226 1897 2305 1957 ut
2356 1913 2585 1960 verum

397 1989 631 2066 fatear,
675 1989 894 2054 inanis
935 1989 1158 2055 futura
1197 2008 1427 2072 opera,
1465 1989 1889 2073 obscuraque
1918 1992 2067 2056 visa
2092 2000 2199 2058 est
2220 1993 2583 2078 diligentia,

397 2092 808 2158 incertiorem
827 2091 1082 2156 factura
1111 2091 1482 2167 Lectorem,
1513 2110 1713 2174 quam
1736 2092 1797 2154 is
1814 2091 2033 2155 suerat
2060 2091 2325 2158 dudum.
2400 2095 2585 2174 Quid

399 2189 581 2279 quod
633 2191 944 2258 ridendos
993 2192 1250 2276 passim
1297 2192 1720 2273 propinarem
1777 2193 2045 2275 publice
2100 2194 2316 2259 bonos
2367 2203 2587 2264 cetera

398 2293 796 2373 Codices,·si
825 2294 1108 2376 singula,
1139 2313 1290 2376 quae
1320 2294 1388 2357 in
1416 2293 1772 2360 manifesto
1810 2295 2059 2360 cubare
2107 2296 2350 2362 mendo
2394 2319 2583 2364 nemo

395 2405 598 2463 sanus
625 2397 994 2480 negaverit,
1035 2396 1395 2460 identidem
1426 2397 1835 2473 exscribere,
1882 2405 2086 2481 atque
2129 2398 2215 2462 ad
2262 2419 2581 2465 nauseam

395 2519 606 2585 usque
633 2507 928 2583 repetere
956 2498 1360 2562 voluissem?
1428 2497 1494 2562 N
1499 2516 1584 2562 on
1608 2497 1813 2577 igitur
1828 2517 1933 2562 me
1964 2495 2195 2564 saeculi
2216 2500 2582 2584 fastidium,

399 2603 520 2667 sed
547 2613 728 2666 certa
772 2601 1090 2664 deterruit
1123 2600 1307 2664 ratio.
1400 2596 1605 2675 Quod
1644 2617 1731 2662 ne
1776 2599 1975 2680 gratis
2022 2601 2283 2666 dixisse
2328 2603 2580 2684 videar,

394 2696 644 2781 eorum,
677 2722 832 2786 quae
869 2701 1032 2765 mihi
1063 2702 1340 2783 ‚potiora
1369 2700 1648 2766 sectanti
1685 2701 1861 2765 ultro
1890 2721 1963 2766 se
1986 2703 2423 2784 ingesserunt,
2463 2707 2583 2772 bo-

393 2825 546 2870 nam
575 2810 832 2889 partem
861 2801 1116 2867 Tecum
1145 2801 1252 2866 hic
1281 2802 1771 2866 communicare
1800 2803 2019 2867 visum
2044 2809 2167 2870 est.
2254 2803 2355 2868 En
2382 2808 2583 2887 igitur

397 2905 1162 2988 absurdas-optimorum
1212 2900 1544 2967 Codicum
1595 2903 1959 2969 lectiones:
2008 2903 2180 2968 And.
2211 2904 2371 2972 Act.
2422 2924 2473 2969 1.
2518 2911 2578 2974 1.

397 3007 546 3074 138.
594 3005 742 3070 Sine
789 3015 861 3070 ut
909 3004 1170 3068 eveniat.
1257 3001 1418 3068 Act.
1450 3020 1558 3066 111.
1588 3004 1657 3066 3.
1680 3003 1794 3066 24.
1842 3000 2180 3085 Imperatae
2212 3008 2443 3089 nuptiae
2471 3007 2583 3072 hoc

396 3119 584 3194 atque
637 3105 834 3174 invito
880 3103 1238 3190 Pamphilo.
1332 3102 1492 3169 Act.
1555 3120 1658 3167 LV.
1718 3105 1781 3168 1.
1840 3103 1947 3168 59.
1996 3102 2161 3168 Hem
2218 3105 2325 3168 sed
2378 3127 2579 3176 mane.

393 3210 554 3277 Act.
587 3227 654 3274 v.
684 3211 745 3275 1.
775 3211 880 3276 19.
932 3207 1382 3294 Objurgantem
1411 3203 1747 3274 ‚ane-illam.
1834 3205 2005 3270 Eun.
2036 3207 2211 3272 Act.
2263 3226 2312 3272 1.
2361 3211 2424 3274 2.
2470 3211 2581 3279 35.

393 3311 740 3396 Abreptam
766 3333 798 3374 e
827 3311 1034 3374 Samo·
1125 3311 1281 3375 Act.
1309 3327 1388 3375 1¹.
1415 3311 1482 3376 3.
1512 3311 1576 3374 7.
1629 3305 1689 3372 Ο
1695 3305 2105 3394 fortunatum
2134 3331 2351 3374 senem.
2438 3312 2581 3379 lbi-

393 3411 546 3478 dem
597 3413 706 3479 24.
755 3410 1045 3478 Reddam
1099 3423 1386 3475 creatura
1413 3411 1677 3496 junceus
1698 3434 1718 3473 .-
1781 3418 1851 3476 et
1896 3412 2006 3476 45.
2055 3409 2305 3475 Scilicet
2355 3413 2579 3482 desine.

393 3512 559 3581 Act.
592 3532 708 3580 111.
755 3516 820 3580 l.
866 3517 933 3581 6.
981 3511 1100 3578 Est
1139 3516 1294 3579 istae
1337 3513 1556 3580 datum
1597 3512 1967 3599 profectum.
2054 3511 2212 3580 Act.
2242 3517 2444 3578 111.5.
2470 3515 2577 3580 37.

399 3613 631 3682 Diam
650 3615 894 3681 misisse.
980 3614 1134 3682 Act.
1168 3633 1266 3680 lv.
1295 3617 1360 3681 6.
1387 3616 1497 3680 31.
1545 3614 1775 3679 Animo
1790 3614 2051 3700 potenti.
2138 3613 2298 3680 Act.
2328 3633 2399 3678 v.
2426 3616 2488 3682 2.
2512 3616 2574 3681 8.

397 3711 788 3782 Miserrimus
822 3717 965 3803 fici
1000 3715 1372 3804 fugitando.
1459 3717 1717 3782 Heaut.
1758 3715 1917 3782 Act.
1978 3732 2061 3782 11.
2123 3718 2185 3781 1.
2238 3717 2346 3781 16.
2398 3715 2586 3786 Quod

391 3817 608 3884 deinde
647 3820 726 3898 ei,
769 3831 929 3884 recte
967 3831 1072 3885 est.
1156 3819 1314 3886 Act.
1345 3836 1456 3886 111.
1485 3820 1550 3884 3.
1578 3819 1691 3885 3l.
1744 3815 2065 3886 Quantum
2106 3817 2222 3881 tibi
2258 3819 2451 3902 operis
2482 3818 2582 3884 Di

391 3921 573 3986 dant.
654 3923 812 3987 Act.
870 3939 942 3987 ν.
982 3923 1046 3986 1.
1097 3923 1160 3988 1.
1208 3922 1448 3986 Idcirco
1493 3921 1637 3986 scio.
1724 3921 2007 4006 Adelph.
2051 3920 2211 3986 Act.
2260 3939 2308 3984 1.
2360 3922 2423 3986 2.
2468 3925 2579 3988 64.

399 4022 560 4088 Cum
585 4022 824 4107 placeo.
909 4024 1068 4090 Act.
1099 4039 1212 4088 ln.
1239 4023 1306 4090 2.
1334 4024 1446 4090 35.
1495 4021 1761 4087 Patrem
1812 4023 1903 4089 ita
1942 4023 2336 4088 obsecratum.
2423 4023 2577 4090 Act.

395 4143 506 4190 nl.
529 4125 594 4190 3.
621 4126 730 4190 23.
783 4125 1142 4213 Cougraum
1171 4127 1376 4192 istum.
1461 4125 1619 4192 Act.
1652 4141 1753 4190 lv.
1782 4129 1848 4193 2.
1878 4127 1987 4191 23.
2034 4122 2179 4190 Non
2197 4126 2433 4208 puduit
2454 4149 2534 4190 .se
2557 4151 2576 4190 .·

358 4231 456 4300 ,et
481 4227 592 4294 28.
639 4224 906 4313 Referre
931 4249 1054 4292 non
1079 4226 1399 4294 audebam.
1487 4228 1647 4294 Act.
1683 4245 1779 4292 ιν.
1822 4230 1887 4293 3.
1940 4228 2045 4294 14.
2094 4223 2188 4291 Et
2229 4239 2389 4293 certo
2432 4229 2575 4307 scio,
