3234 4934
591 359 726 427 260
1261 374 1649 427 musanus
1702 372 2123 423 nunninus

595 517 704 579 sed
729 517 872 576 dum
910 516 1082 575 abest
1107 514 1268 594 quod
1297 533 1562 588 avemus,
1585 514 1881 575 credimus
1910 534 1987 575 an
2024 514 2127 594 qui
2166 525 2387 593 amant,
2417 515 2467 575 si
2494 512 2591 575 me
2616 532 2783 575 amas

592 614 803 692 inquit,
825 624 996 673 cocto
1035 613 1176 671 num
1203 611 1378 672 adest
1403 611 1594 671 bonor
1617 611 1797 671 idem.
1878 611 1947 670 In
1968 610 2059 670 his
2083 624 2279 671 autem
2307 610 2555 690 aliisque
2581 610 2784 675 simili-

590 710 704 767 bus
734 707 846 767 tria
873 716 1013 768 sunt
1037 704 1442 772 observanda:
1474 724 1775 784 nunquam
1812 704 1927 765 hoc
1964 706 2085 767 fieri
2114 706 2230 767 nisi
2269 708 2331 766 in
2370 707 2550 767 verbo
2576 722 2785 767 mono-

592 801 860 883 syllabo:
907 802 1071 881 quod
1113 802 1354 862 verbum
1392 800 1530 861 siin
1558 801 1823 861 vocalem
1869 801 2010 874 exit,
2052 810 2285 881 oportet
2326 800 2615 880 syllabam
2651 820 2785 863 esse

591 897 874 977 longam:
904 897 1086 959 ictum
1111 896 1365 975 denique
1391 896 1608 955 habere
1628 896 1689 953 in
1719 894 1909 974 prima
1931 895 2163 977 syllaba
2190 898 2497 976 anapaesti.
2556 897 2783 957 Harum

591 1012 732 1054 vero
775 992 1179 1053 conditionum
1222 991 1553 1071 ignorantia
1590 1000 1737 1070 quot
1764 1011 1951 1073 nuper
1989 993 2215 1073 peperit
2248 991 2519 1053 errores?
2557 993 2699 1053 dum
2724 1004 2786 1053 et

593 1087 654 1147 in
693 1089 1077 1170 polysyllabis
1119 1089 1333 1161 verbis,
1381 1097 1443 1149 et
1487 1090 1547 1148 in
1595 1087 1843 1168 syllabis
1886 1088 2181 1161 brevibus,
2221 1090 2369 1149 etin
2398 1088 2595 1150 aliena
2620 1088 2785 1161 sede,

597 1202 776 1262 posse
804 1186 928 1245 fieri
957 1185 1070 1245 hoc
1092 1186 1528 1245 existimabant.

674 1282 871 1359 Atque
913 1279 1202 1342 hactenus
1249 1280 1325 1342 de
1371 1278 1612 1341 licentia
1657 1278 2031 1351 Terentiana,
2072 1278 2265 1358 deque
2310 1279 2440 1359 ejus
2482 1279 2787 1356 limitibus,

595 1376 842 1435 modicis
873 1396 1018 1439 sane
1045 1377 1164 1437 illis
1191 1395 1385 1455 neque
1413 1376 1799 1435 incommodis
1825 1396 1841 1434 :
1871 1376 2107 1453 qualem
2134 1374 2310 1436 hodie
2337 1376 2399 1434 in
2426 1376 2617 1456 poetis
2648 1396 2787 1438 nos-

593 1472 842 1531 tratibus
884 1474 1186 1551 patriaque
1231 1472 1437 1549 ling-ua
1471 1470 1763 1550 patienter
1806 1469 2067 1532 ferimus.
2150 1470 2310 1539 Quin
2357 1482 2421 1531 et
2444 1472 2632 1532 ausim
2660 1474 2788 1553 pol·

593 1566 757 1627 liceri
783 1586 1148 1647 sponsorque
1176 1568 1320 1641 fore,
1361 1565 1627 1646 quemvis
1654 1564 2115 1639 adolescentem,
2156 1565 2419 1646 vulgaris
2446 1566 2627 1628 modo
2651 1583 2789 1648 pro·

595 1660 782 1721 sodioe
831 1672 892 1723 et
933 1663 1287 1743 syllabarum
1337 1662 1685 1741 quantitatis
1728 1662 2063 1735 callentem,
2116 1663 2275 1723 lecta
2320 1681 2443 1723 una
2488 1663 2789 1744 alteraque

591 1756 872 1841 editionis
893 1770 1112 1819 nostrae
1133 1777 1332 1831 scena,
1353 1777 1464 1818 suo
1488 1758 1683 1818 Marte
1704 1777 1776 1819 ac
1802 1759 1931 1819 sine
1956 1759 2242 1839 magistro
2268 1768 2455 1820 totum
2482 1759 2598 1820 hoc
2626 1760 2791 1839 quod

593 1854 878 1930 quaeritur
917 1863 1351 1935 percepturum.
1432 1854 1568 1923 Quo
1609 1855 1802 1935 magis
1836 1855 2066 1929 mirum,
2107 1856 2401 1935 quosdam
2425 1865 2619 1917 cetera
2644 1856 2788 1917 doc·

593 1946 876 2021 tissimos,
905 1950 1012 2011 sed
1040 1951 1102 2010 in
1128 1950 1222 2011 his
1251 1952 1425 2011 rebus
1451 1948 1631 2031 paulo
1658 1952 2150 2031 ὀψιμαθεστόρονε,
2180 1962 2301 2013 tam
2328 1950 2642 2011 immodica
2660 1972 2789 2011 ver·

593 2041 804 2124 borum
830 2064 1048 2126 pompa
1075 2066 1140 2108 se
1167 2057 1230 2107 et
1257 2065 1494 2126 operam
1527 2065 1697 2106 suam
1724 2046 1967 2107 efferre:
2011 2048 2183 2126 quasi
2210 2056 2392 2107 tantae
2432 2046 2603 2106 molis
2631 2056 2793 2107 esset

596 2136 924 2199 Romanam
955 2162 1115 2202 nuuc
1142 2142 1461 2215 licentiam,
1502 2154 1746 2220 quantoe
1789 2144 1925 2202 olim
1972 2152 2098 2201 erat
2143 2151 2401 2219 gentem,
2429 2142 2787 2202 condidisse.

597 2232 808 2313 Neque
834 2246 1055 2309 tamen,
1095 2238 1146 2297 si
1174 2237 1290 2317 ipsi
1316 2236 1598 2296 audiendi
1628 2246 1789 2305 sunt,
1830 2236 2118 2295 immerito
2147 2235 2508 2313 gloriantur:
2552 2255 2689 2295 cum
2716 2256 2791 2296 ex

593 2347 797 2389 eorum
825 2333 1119 2392 sententia
1146 2332 1291 2390 nihil
1331 2350 1448 2389 non
1476 2330 1771 2388 veteribus
1801 2330 2059 2389 Comicis
2090 2340 2153 2389 et
2176 2329 2408 2389 licuerit
2427 2340 2489 2389 et
2514 2330 2785 2391 libuerit:

593 2434 664 2482 ut
689 2434 809 2483 tam
839 2444 1008 2502 vagae
1036 2426 1289 2487 licentioe
1315 2424 1527 2485 limites
1557 2422 1711 2484 ullos
1751 2425 2047 2504 posuisse,
2085 2422 2327 2505 perinde
2352 2424 2431 2484 sit
2458 2443 2528 2485 ac
2556 2426 2792 2487 Sarma·

595 2526 689 2576 tas
727 2529 788 2577 et
815 2518 1080 2581 Gelonos
1122 2522 1275 2582 intra
1314 2538 1556 2599 campos
1602 2538 1745 2579 suos
1788 2520 2141 2581 coercuisse.
2228 2519 2519 2579 Nimirum
2560 2519 2622 2581 hi
2665 2542 2788 2582 non

592 2611 753 2690 ipsos
780 2615 1010 2691 poetas,
1034 2634 1155 2677 non
1182 2626 1368 2676 artem
1391 2624 1454 2677 et
1470 2613 1727 2695 rhythmi
1753 2615 2014 2695 genium,
2036 2614 2145 2676 sed
2172 2614 2441 2675 librarios
2464 2616 2576 2676 sibi
2603 2616 2789 2679 duces

597 2721 839 2768 sumunt
859 2728 875 2776 ;
919 2721 980 2771 et
1019 2719 1110 2770 tot
1153 2710 1272 2773 fere
1311 2712 1679 2772 licentiarum
1708 2712 1940 2791 species
1970 2712 2078 2773 sibi
2106 2714 2361 2791 fingunt,
2398 2724 2549 2791 quot
2573 2713 2634 2771 in
2663 2723 2791 2776 toto

596 2801 814 2865 Plauto
840 2805 1232 2888 Terentioque
1261 2807 1488 2867 vitiosae
1527 2806 1815 2867 lectiones
1860 2826 2021 2867 nunc
2064 2818 2327 2875 restant:
2370 2808 2592 2887 unique
2632 2809 2789 2886 loco,

597 2899 701 2977 qui
735 2902 1142 2964 emendandus
1185 2914 1330 2978 erat,
1372 2922 1446 2965 ex
1485 2903 1669 2965 altero
1696 2922 1866 2981 oeque
1891 2902 2183 2964 mendoso
2206 2902 2598 2984 patrocinium
2626 2924 2791 2985 quoe·

595 3002 755 3055 runt.
857 2996 1018 3067 Quid
1050 2999 1260 3059 mirum
1285 2999 1486 3080 igitur,
1527 3000 1598 3073 si,
1640 3016 1761 3078 quo
1806 2998 1993 3078 major
2034 2998 2107 3058 iis
2148 3008 2271 3059 tam
2316 2998 2489 3059 falsae
2532 3001 2792 3067 metrica

597 3090 808 3151 notitia
835 3095 1105 3167 accrevit,
1143 3115 1216 3157 eo
1255 3097 1314 3157 in
1345 3096 1496 3167 dies,
1537 3107 1605 3156 ut
1640 3107 1985 3173 queruntur,
2026 3096 2217 3174 magis
2244 3094 2571 3155 decreverit
2594 3116 2792 3157 emen·

597 3183 904 3246 dationum
933 3209 1170 3250 suarum
1201 3189 1523 3250 numerus?
1603 3187 1783 3260 Illud,
1830 3190 1881 3249 si
1926 3188 2186 3262 dubitas,
2226 3187 2495 3268 exemplo
2536 3190 2649 3259 sit:
2692 3192 2793 3251 ubi

603 3277 802 3340 Plauti
850 3286 1202 3345 auctoritate
1248 3285 1433 3364 pedes
1477 3284 1727 3345 creticos
1776 3284 1841 3343 in
1880 3285 2157 3344 trimetris
2194 3283 2515 3344 asciscunt.
2600 3286 2793 3347 Locus

605 3373 1078 3454 elegantissimus
1105 3391 1219 3453 est,
1245 3380 1602 3454 Trinummo,
1629 3399 1677 3441 1.
1699 3382 1759 3439 2.
1785 3380 1847 3439 in
1866 3380 2147 3451 urbanos,
2169 3397 2322 3457 quos
2344 3389 2520 3439 vocat
2539 3398 2793 3455 scurras,

768 3520 885 3589 Qui
923 3523 1119 3584 omnia
1147 3545 1212 3586 se
1241 3525 1522 3585 simulant
1549 3522 1721 3598 scire,
1761 3543 1871 3586 nec
1898 3521 2218 3603 quicquam
2246 3524 2476 3585 sciunt:

762 3616 941 3685 Quod
969 3620 1220 3701 quisque
1246 3623 1306 3681 in
1332 3623 1526 3683 animo
1557 3618 1739 3682 habet
1766 3631 1868 3681 aut
1893 3618 2248 3694 habiturust,
2277 3620 2513 3681 sciunt:

759 3712 988 3790 Sciunt,
1017 3714 1180 3796 quod
1209 3717 1269 3776 in
1297 3736 1494 3778 aurem
1523 3715 1628 3777 rex
1654 3717 1870 3797 reginoe
1900 3713 2145 3776 dixerit:

748 3810 996 3885 Sciunt,
1026 3813 1186 3893 quod
1212 3814 1373 3875 Juno
1399 3813 1723 3875 fabulatast
1746 3814 1881 3873 cum
1912 3812 2065 3873 Jove
2101 3832 2119 3871 :

763 3906 916 3976 Quae
945 3928 1136 3988 neque
1163 3911 1227 3970 fu
1259 3909 1273 3990 Ι
1308 3920 1441 3972 tura
1466 3930 1659 3991 neque
1694 3908 1709 3991 Ι
1740 3910 1902 3969 facta
1929 3920 2070 3969 sunt
2104 3907 2115 3990 Ι
2150 3918 2345 3968 tamen
2377 3906 2459 3967 illi
2489 3908 2707 3969 sciunt.

604 4048 774 4111 Duos
799 4050 921 4112 illic
947 4054 1196 4113 creticos
1225 4061 1562 4132 agnoscunt
1584 4062 1649 4112 et
1674 4052 1989 4133 accipiunt,
2006 4050 2372 4131 dactylorum
2394 4050 2616 4111 scilicet
2636 4052 2792 4112 vica·
2858 4110 2871 4117 .

601 4144 754 4206 rios:
797 4166 990 4227 neque
1037 4148 1154 4210 hoc
1199 4147 1483 4223 contenti,
1528 4148 1835 4209 innumera
1874 4145 2211 4227 hujusmodi
2252 4155 2529 4224 portenta
2574 4146 2791 4213 Plauto
