3234 4934
1077 422 1174 469 ns
1217 416 1518 468 oomcrs
1569 416 1956 467 variemus.
2471 400 2599 469 173

412 572 596 649 longa
639 574 702 628 et
741 563 906 630 brevi
949 563 1160 637 scribe,
1201 582 1394 635 musa,
1431 562 1631 621 verba.
1714 560 1849 620 Hoc
1892 560 2146 619 iambum
2172 577 2293 619 non
2321 556 2599 635 admittit,

413 661 910 745 quemadmodum
936 680 1132 738 neque
1157 659 1216 718 in
1244 658 1552 718 iambicum
1581 657 1875 717 trochaeus
1918 654 2266 735 ingreditur.
2349 655 2478 715 Etsi
2507 676 2601 717 re-

413 762 630 841 peritur
653 760 828 821 etiam
855 760 919 816 in
948 756 1178 815 Graecis
1202 754 1501 835 τροχαῖκὸν
1519 756 1883 833 τετράμετρον
1904 752 2321 825 saramania-or,
2347 751 2408 811 in
2430 753 2601 833 eujus

415 868 626 939 quarto
655 857 788 917 loeo
815 852 1051 934 ponitur
1077 852 1329 923 iambus,
1356 860 1424 909 ut
1448 848 1509 908 in
1537 848 1827 908 Nebulis:

493 951 574 1013 Ὦ
597 955 888 1031 θεὼμενοι,
937 959 1145 1025 κατερῶ
1171 951 1305 1025 πρός
1331 946 1391 1023 γ’
1416 947 1560 1025 ὑμᾶς
1590 948 1911 1023 ἐλευθέρως.
1994 943 2183 1023 quue
2230 942 2603 1007 Εὐπολίδεεον
2630 996 2637 1003 .

414 1051 736 1111 &odorat-ov
764 1053 1066 1108 vocarunt.

493 1146 614 1205 Sed
643 1144 830 1219 multo
856 1142 1076 1221 majore
1101 1138 1343 1200 licentia
1369 1136 1564 1199 Latini
1588 1138 1683 1197 usi
1708 1135 1967 1209 fuerunt,
1994 1145 2056 1197 et
2081 1136 2324 1216 passim,
2350 1144 2419 1196 ut
2437 1135 2603 1197 vide-

411 1253 529 1316 tur,
553 1242 928 1302 inseruerunt
950 1237 1198 1296 iambos.
1267 1234 1506 1293 Docent
1531 1243 1733 1291 autem
1760 1233 1847 1291 ita
1868 1232 1993 1292 fieri
2020 1232 2133 1291 hoc
2159 1252 2416 1305 carmen,
2443 1232 2493 1291 si
2523 1230 2602 1291 ad

413 1337 709 1398 senarium
734 1334 1048 1395 iambicum
1077 1328 1366 1389 addamus
1394 1329 1675 1397 creticon,
1724 1329 1824 1405 qui
1850 1330 2221 1406 ἀμφίμακρος,
2249 1327 2311 1387 id
2339 1340 2451 1401 est,
2482 1324 2604 1405 syl..

410 1432 760 1511 laba-longa
783 1430 975 1489 brevis
1001 1427 1214 1505 longa:
1256 1436 1325 1483 ut
1365 1430 1383 1459 ‘
1401 1423 1666 1495 aurifex,’
1706 1422 1821 1483 hoc
1846 1422 2025 1485 modo
2052 1443 2069 1483 :

1465 1586 1538 1598 -
1569 1550 1669 1610 Dii
1694 1550 1855 1623 boni,

538 1698 544 1705 -
659 1656 810 1718 Boni
838 1652 980 1734 quid
1009 1668 1179 1733 porto
1203 1670 1220 1719 ς
1264 1648 1370 1709 sed
1397 1650 1496 1710 ubi
1523 1648 1821 1708 inveniam
1849 1645 2222 1727 Pamphilum
2240 1646 2273 1706 ‘f

417 1758 532 1820 Et.

1143 1872 1855 1895 ——-----——--
1888 1840 2087 1901 Laetus
2115 1849 2226 1910 est,

658 1944 881 2007 Nescio
907 1942 1048 2021 quid
1072 1963 1089 2001 ε
1134 1938 1278 1998 nihil
1305 1946 1430 1998 est:
1473 1935 1739 1996 nondum
1764 1936 1898 1996 haec
1924 1935 2161 1997 rescivit
2185 1936 2365 1996 mala.

417 2083 512 2143 Ita
533 2080 647 2139 bos
673 2092 949 2136 numeros
976 2066 1380 2150 composuisse
1407 2062 1825 2125 Archilochum
1853 2062 2181 2143 perhibent,
2226 2072 2404 2141 atque
2430 2065 2505 2123 ab
2534 2083 2604 2124 eo

416 2186 622 2261 μέτρον
647 2174 1054 2253 Ἀρχιλόχειον
1081 2166 1328 2225 dictum.
1412 2162 1532 2221 Sed
1560 2161 1677 2220 hoc
1704 2178 1823 2218 non
1851 2168 2157 2219 servarunt
2181 2158 2413 2231 comici,
2456 2180 2606 2241 prae-

415 2276 613 2336 sertim
640 2269 850 2343 Latini,
880 2275 945 2325 ut
972 2260 1294 2325 secundam
1323 2258 1614 2340 syllabam
1634 2256 1869 2314 brevem
1894 2273 2123 2333 semper
2142 2253 2421 2329 facerent,
2444 2255 2607 2335 quod

416 2377 778 2451 praeceptum
807 2365 883 2425 de
909 2362 1126 2423 cretico
1155 2356 1410 2437 subjicit,
1433 2374 1569 2415 cum
1597 2353 1659 2411 in
1687 2351 1804 2411 hoc
1824 2370 1995 2411 versu
2023 2349 2239 2430 ubique
2266 2350 2607 2431 reperiatur,

419 2466 714 2547 dactylus,
741 2458 1104 2542 anapaestuS,
1134 2451 1476 2534 spondaeus,
1501 2448 1823 2520 trochaeus,
1850 2446 2189 2529 τρίβραχυς

581 2609 810 2685 Apage,
839 2621 961 2662 non
987 2599 1187 2679 placet
1211 2613 1306 2655 me
1331 2593 1448 2652 hoc
1477 2592 1671 2651 noctis
1700 2608 1872 2651 esse:
1914 2590 2143 2649 coenavi
2168 2588 2368 2649 modo·

583 2701 743 2771 Quid
773 2702 824 2759 si
850 2716 962 2778 ego
990 2696 1153 2755 illum
1182 2690 1415 2751 tractim
1443 2698 1684 2768 tangam
1712 2697 1781 2746 ut
1807 2686 2099 2747 dormiat?
2140 2685 2483 2747 servaveris.

580 2800 937 2858 Exossatum
966 2810 1035 2852 os
1065 2808 1198 2850 esse
1226 2796 1480 2867 oportet,
1497 2805 1673 2864 quem
1702 2785 1881 2863 probe
1907 2782 2303 2861 percusseris.·

581 2894 861 2964 Facinus,
887 2888 1154 2967 nequiter
1179 2884 1346 2943 ferire
1371 2880 1588 2942 malam
1617 2879 1773 2938 male
1801 2877 1977 2938 discit
2001 2896 2233 2936 manus.

537 3038 560 3059 χ
580 2988 714 3049 Illic
736 2986 922 3045 homo
944 3002 1038 3041 me
1065 2977 1462 3059 interpolabit,
1499 2995 1812 3053 meumque
1838 2994 1907 3035 os
1934 2974 2123 3053 finget
2148 2973 2366 3031 denuo.

2350 2896 2357 2905 ι
2380 2852 2436 2899 ⁸·-

422 3132 491 3191 In
520 3130 637 3191 fine
661 3146 796 3189 esse
824 3134 964 3186 ante
992 3126 1290 3194 κατάληξιν
1325 3116 1503 3177 debet
1549 3114 1866 3186 trochaeus,
1911 3124 1979 3171 ut
2022 3110 2298 3172 carminis
2328 3110 2475 3171 ratio
2506 3129 2611 3189 ap-

420 3236 644 3308 pareat,
673 3222 781 3284 sed
807 3220 1092 3303 reperitur
1119 3225 1180 3277 et
1205 3213 1544 3293 τρίβραχυςε
1588 3220 1689 3269 ut:

581 3363 743 3433 Quid
774 3362 836 3422 id
865 3358 1122 3439 exquiris
1151 3366 1242 3431 tu,
1267 3354 1368 3434 qui
1396 3352 1613 3435 pugnis
1643 3370 1713 3411 os
1738 3366 1991 3412 exossas
2010 3344 2373 3407 bominibus.

423 3480 502 3539 Et
527 3475 992 3555 Aristophanes:

565 3602 648 3663 Ὦ
674 3605 979 3682 σοφῶτατοι
1005 3600 1223 3669 θεαταὶ,
1253 3594 1414 3676 δεῦρο
1443 3594 1542 3655 τὸν
1571 3605 1705 3654 νοῦν
1733 3597 2062 3673 προσέχετε.

425 3748 600 3827 Saepe
623 3754 823 3810 autem
849 3740 1214 3818 multumque
1241 3737 1334 3797 usi
1362 3737 1521 3797 fuere
1549 3734 1666 3795 hoc
1685 3734 1940 3794 carmine
1963 3728 2339 3791 Archilochio
2362 3728 2611 3797 Comici,

423 3853 485 3906 et
530 3842 632 3904 illo
677 3839 970 3921 plurimas,
989 3834 1516 3896 sermocinationes
1539 3840 2016 3909 composuerunt.
2102 3826 2195 3885 De
2222 3825 2355 3885 aliis
2384 3824 2615 3902 generi-

421 3944 535 4002 bus
563 3936 708 4018 quid
735 3934 952 4007 dicam,
999 3940 1103 3992 aut
1141 3929 1440 4011 quomodo
1468 3929 1526 3987 in
1557 3926 1783 3987 Latinis
1812 3922 2137 3986 Comoediis
2166 3920 2441 3989 indicem,
2488 3938 2611 3977 non

420 4037 630 4097 habeo·
715 4031 847 4091 Etsi
892 4030 1165 4099 Sisenna,
1214 4026 1500 4087 referente
1531 4024 1769 4096 Rufino,
1815 4020 2241 4101 anapaesticum
2276 4029 2527 4073 metrum
2553 4014 2613 4072 in

426 4129 744 4193 Aululariae
773 4126 1031 4209 quadam
1061 4142 1243 4185 scena
1269 4142 1402 4183 esse
1430 4121 1600 4195 dixit,
1644 4120 1749 4180 sed
1794 4118 2097 4178 concisum
2134 4112 2239 4183 ita,
2283 4119 2349 4170 ut
2377 4128 2495 4168 non
2522 4109 2613 4167 in-

426 4228 745 4307 telligatur.
816 4224 886 4283 In
912 4222 1006 4283 bis
1035 4220 1215 4301 igitur
1241 4236 1350 4279 nos
1379 4218 1598 4279 frustra
1624 4226 1911 4294 torquere,
1950 4208 2277 4290 praesertim
2305 4214 2430 4267 tam
2454 4204 2612 4265 foede
