3234 4934
586 416 677 483 98
1042 424 1403 479 maninus
1450 421 1748 473 nnmsu
1799 422 2326 475 mesta-rulo.

752 576 887 634 Jam
918 582 1044 633 tum
1072 580 1199 632 erat
1226 588 1429 643 senex,
1456 578 1736 631 senectus
1765 569 1816 629 si
1841 568 2210 631 verecundos
2239 569 2401 630 facit.

750 672 845 727 An
864 686 999 727 mea
1018 663 1206 727 forma
1226 676 1405 745 atque
1426 675 1573 727 oetas
1592 665 1720 744 jam
1741 665 1932 745 magis
1953 664 2284 745 expetenda
2306 676 2417 738 est,
2448 665 2785 745 Demipho?

746 763 907 833 Quid
956 763 1098 823 mihi
1142 782 1301 823 nunc
1352 762 1548 836 affers,
1594 764 1975 842 quamobrem
2023 770 2354 843 expectem,
2399 772 2504 822 aut
2529 781 2783 843 sperem,

901 878 1077 941 porro
1106 878 1226 919 non
1257 856 1421 919 fore?
1534 908 1543 925 ,

589 990 687 1063 Et,
742 985 1221 1069 quandoquidem
1252 982 1619 1065 simplicitas,
1664 986 1922 1045 maxima
1967 998 2213 1047 moratoe
2254 985 2537 1049 orationis
2575 989 2782 1061 virtus,

591 1087 641 1145 si
668 1083 1026 1156 intendatur,
1054 1082 1406 1143 suavitatem
1454 1080 1648 1161 paritz
1703 1100 1876 1143 nemo
1925 1082 2052 1143 sine
2095 1083 2426 1145 incredibili
2453 1103 2527 1147 ac
2555 1104 2785 1145 summa

590 1182 890 1262 voluptate
916 1179 1061 1240 illud
1091 1176 1405 1239 Bacchidis
1434 1178 1632 1257 leget:

1152 1308 1339 1368 Recte
1366 1308 1599 1382 amasti,
1627 1308 1956 1390 Pamphile,

752 1404 1006 1466 Uxorem
1034 1415 1232 1465 tuam:
1276 1422 1415 1464 nam
1463 1422 1768 1482 nunquam
1817 1416 1956 1464 ante
1997 1404 2154 1467 hanc
2205 1404 2362 1467 diem
2401 1404 2550 1466 meis
2589 1403 2780 1467 oculis

910 1520 1061 1574 eam,
1082 1500 1244 1580 quod
1274 1518 1531 1571 nossem,
1560 1498 1844 1559 videram.

751 1596 1120 1657 Perliberalis
1148 1596 1276 1655 visa
1296 1606 1407 1656 est.

587 1728 847 1808 Ideoque
877 1727 1117 1787 Fabulae
1144 1726 1514 1787 'l'erentianae
1546 1724 1869 1785 doctiorem
1916 1723 2281 1796 histrionem,
2320 1742 2499 1802 quam
2524 1724 2781 1805 reliquo-

593 1844 740 1894 rum,
787 1823 1229 1882 desiderabant.
1354 1822 1599 1899 Semper
1647 1820 1823 1891 enim,
1870 1839 2004 1898 quae
2045 1829 2273 1880 morata
2315 1829 2412 1879 est
2458 1822 2664 1893 eratin,
2711 1828 2780 1908 τῇ

590 1923 869 1995 ὑποκρίσει
896 1916 1237 1977 fulcienda.·
1302 1916 1457 1975 Nam
1505 1914 1642 1995 quoe
1669 1915 1927 1975 moribus
1971 1914 2396 1995 affectibusque
2425 1916 2780 1989 destituitur,

590 2026 744 2075 teste
802 2012 1186 2093 PhilosophO,
1240 2023 1334 2073 est
1386 2015 1759 2091 ἀνυπόκριτος.
1843 2013 2054 2092 Neque
2099 2011 2224 2073 ulla
2271 2014 2390 2075 fere
2439 2014 2600 2094 apud
2643 2034 2778 2075 eum

592 2111 817 2191 syllaba
844 2120 1027 2185 extat,
1056 2130 1191 2190 quoe
1218 2130 1339 2170 non
1358 2110 1546 2169 ’animi
1576 2120 1682 2170 aut
1709 2108 1955 2171 affectus
1985 2109 2235 2190 alicujus
2274 2111 2351 2170 sit
2375 2110 2575 2171 index.
2643 2111 2780 2170 Jam

590 2206 758 2266 ut·ad
789 2205 1038 2285 lepores,
1068 2206 1246 2278 sales,
1276 2207 1515 2286 gratias,
1542 2216 1605 2267 et
1633 2215 1974 2266 venustates
2011 2208 2350 2274 veniamus:
2394 2216 2620 2266 certum
2663 2216 2779 2277 est,

588 2303 711 2361 fere
739 2322 943 2363 omnes
964 2321 1065 2361 eas
1097 2301 1222 2360 tolli
1249 2320 1285 2360 a
1310 2301 1583 2375 ridiculo,
1620 2322 1740 2362 non
1771 2321 1944 2362 secus
1972 2321 2148 2381 quam
2186 2303 2246 2359 in
2275 2302 2398 2361 vita
2423 2303 2497 2361 ab
2527 2320 2778 2362 excessu

586 2418 814 2458 morum
862 2399 1067 2469 virtus,
1115 2398 1190 2456 ab
1235 2416 1485 2459 excessu
1532 2408 1852 2477 apparatus
1901 2399 1961 2457 in
2007 2417 2189 2459 scena
2237 2397 2460 2458 tollitur
2483 2398 2778 2478 voluptas.

590 2494 789 2561 Quare
820 2492 1151 2553 Menandro
1178 2512 1250 2552 ac
1275 2494 1548 2554 Terentio
1574 2493 1806 2572 lepores
1836 2495 2102 2554 tribuunt
2121 2495 2368 2574 antiqui,
2383 2494 2538 2555 sales
2561 2495 2778 2555 Plauto

592 2590 874 2650 Horatius
933 2589 1245 2649 concedit:
1318 2608 1469 2668 quos
1524 2608 1954 2671 nonnunquam
2022 2590 2344 2651 inurbanos
2396 2610 2531 2651 esse
2586 2600 2775 2653 notat.

592 2685 749 2743 Audi
776 2684 1183 2744 Paterculum:
1229 2691 1246 2720 ‘
1270 2685 1613 2764 Dulcesque
1658 2685 1853 2745 Latini
1897 2684 2112 2763 leporis
2156 2687 2390 2747 facetioe
2437 2707 2542 2767 per
2585 2687 2778 2747 caeei-

586 2781 751 2852 lium,
779 2780 1251 2859 Terentiumque,
1280 2791 1341 2841 et
1366 2781 1672 2841 Afranium
1702 2784 1812 2841 sub
1835 2782 1958 2861 pari
1987 2790 2162 2841 aetate
2189 2782 2551 2843 floruerunt!
2579 2783 2778 2842 Graeci

588 2880 822 2955 χάριτας
849 2888 909 2936 et
936 2879 1361 2957 χαριεντισμοῦς
1385 2888 1618 2938 vocant.
1704 2877 2094 2939 Remissiores
2122 2888 2262 2939 sunt
2299 2878 2476 2951 enim,
2505 2898 2682 2957 quam
2708 2887 2777 2938 ut

586 2973 768 3032 risum
817 2971 1103 3033 violenter
1152 2985 1459 3034 moveant:
1529 2976 2092 3055 circumspectiores,
2149 2994 2328 3053 quam
2379 2984 2448 3035 ut
2500 2975 2776 3055 frigeant.

476 3128 487 3139 ‚
588 3070 927 3127 Absurdum
955 3068 1106 3127 enim
1156 3088 1315 3149 saepe
1360 3089 1544 3131 causa
1586 3082 1680 3131 est
1729 3072 1902 3144 risus,
1947 3080 2050 3130 aut
2099 3071 2464 3131 inusitatum.
2550 3072 2776 3135 Contra

588 3176 782 3223 autem
810 3182 1023 3234 sermo,
1071 3165 1173 3241 qui
1202 3179 1262 3223 et
1300 3166 1553 3224 usitatus
1598 3176 1662 3223 et
1687 3176 1968 3237 moratus,
2012 3165 2230 3244 quique
2256 3165 2468 3226 leniter
2495 3165 2772 3226 decorum

588 3268 801 3328 servat,
832 3258 986 3316 sicut
1013 3276 1085 3317 eo
1120 3258 1251 3336 ipso
1299 3260 1365 3317 fit
1394 3270 1679 3319 venustus
1709 3270 1770 3318 et
1795 3259 2084 3327 delectat:
2127 3261 2211 3319 ita
2237 3258 2476 3339 quidam
2516 3261 2772 3322 eminere

576 3354 697 3433 joci
726 3364 996 3431 possunt.
1084 3354 1204 3421 Qui
1249 3354 1487 3431 quidem
1536 3350 1599 3412 iu
1647 3356 1758 3414 hoc
1810 3354 1972 3425 Afro,
2015 3354 2156 3431 (nisi
2201 3354 2383 3413 Laelio
2429 3374 2530 3416 eos
2574 3357 2772 3435 potius

586 3468 657 3507 ac
686 3446 947 3527 Scipioni
976 3447 1321 3509 tribuendos
1348 3450 1549 3527 putes)
1576 3460 1638 3508 et
1666 3448 2018 3521 Menandro,
2063 3448 2113 3508 si
2131 3449 2425 3528 judicium
2453 3451 2684 3511 Horatii
2711 3462 2774 3511 et

586 3542 955 3619 antiquorum
986 3544 1302 3623 sequimur,
1348 3564 1422 3604 ex
1465 3544 1674 3605 eodem
1723 3546 1870 3619 sale,
1916 3566 1951 3605 e
1979 3566 2096 3625 quo
2123 3556 2266 3605 nata
2289 3546 2496 3607 Venus
2523 3557 2636 3621 est,
2663 3546 2768 3607 de-

585 3639 795 3716 promti
824 3638 1114 3699 videntur.
1199 3640 1353 3699 Ecce
1381 3639 1576 3699 statim
1608 3641 1854 3712 Andria,
1884 3642 2017 3701 Act.
2041 3663 2104 3702 v.
2134 3643 2328 3702 Scena
2353 3647 2413 3703 4.

1060 3764 1230 3823 Davo
1258 3765 1410 3825 istuc
1438 3764 1652 3827 dedam
1672 3768 1796 3847 jam
1826 3769 2046 3848 negoti.
2130 3770 2194 3829 S.
2239 3770 2376 3830 Non
2403 3780 2622 3847 potest.

745 3860 814 3918 P.
860 3860 973 3928 Qui
998 3859 1023 3916 ’.θ
1103 3862 1167 3921 S.
1212 3862 1366 3930 Quia
1392 3862 1572 3925 habet
1600 3865 1762 3925 aliud
1793 3866 1982 3945 magis
2010 3885 2082 3925 ex
2113 3884 2264 3939 sese,
2292 3877 2356 3927 et
2390 3867 2602 3945 majus.

902 3954 973 4016 P.
1007 3954 1349 4023 Quidnam?
1432 3958 1495 4015 S.
1536 3958 1786 4020 Vinctus
1811 3973 1920 4021 est.

742 4052 811 4110 P.
856 4050 1054 4123 Pater,
1081 4072 1196 4111 non
1231 4063 1386 4113 recte
1416 4054 1648 4116 vinctus
1677 4068 1786 4116 est.
1873 4060 1936 4117 S.
1983 4058 2159 4118 Haud
2189 4060 2272 4119 ita
2287 4060 2460 4138 jussi.

582 4179 717 4236 Jam
747 4180 1122 4241 Gnathonem
1156 4181 1327 4241 vide:
1373 4185 1471 4262 qui
1518 4206 1652 4245 cum
1697 4187 1934 4266 putidos
1985 4188 2304 4247 Thrasonis
2352 4207 2542 4248 mores
2591 4186 2765 4247 Phoe-
