3234 4934
603 401 694 468 36
1389 415 1751 472 Tannum
1800 421 2001 472 vim.

851 559 1170 632 Comica‚¹’
1193 569 1264 621 ut
1287 573 1524 640 oeqnato
1549 563 1733 624 virtus
1758 563 2008 641 polleret
2030 563 2251 625 honore

851 655 1004 714 Cum
1031 655 1281 729 Groecis,
1307 675 1498 736 neque
1523 658 1583 716 in
1611 659 1723 718 hac
1749 657 2063 736 despectus
2080 659 2135 692 ²0
2160 669 2325 738 parte
2340 657 2605 737 jaceres!

848 750 1044 810 Unum
1068 751 1184 813 hoc
1201 771 1484 826 maceror,
1511 766 1572 816 et
1597 754 1773 815 doleo
1798 755 1904 815 tibi
1930 755 2161 827 deesse,
2187 755 2441 816 Terenti.

693 889 842 954 Hoec
871 895 1186 955 Suetonius
1213 895 1607 975 Tranquillus.
1677 896 1831 958 Nam
1860 897 2010 958 duos
2034 898 2335 958 Terentios
2362 898 2570 976 poetas
2599 896 2780 956 fuisse

610 989 808 1050 scribit
855 989 1094 1064 Metius,
1135 1012 1382 1071 quorum
1428 992 1577 1052 alter
1617 993 2001 1073 Fregellanus
2045 995 2217 1055 fuerit
2263 993 2567 1053 Terentius
2616 993 2781 1066 Libo,

605 1083 754 1144 alter
805 1085 1107 1147 libertinus
1155 1087 1461 1148 Terentius
1507 1087 1652 1147 Afer
1698 1089 1907 1166 patria,
1967 1088 2044 1148 de
2094 1106 2212 1168 quo
2259 1107 2417 1148 nunc
2464 1086 2779 1166 loquimur.

609 1179 897 1260 Scipionis
927 1183 1179 1242 Fabulas
1206 1183 1460 1244 edidisse
1485 1183 1845 1258 Terentium,
1869 1183 2116 1264 Valgius
2146 1183 2206 1242 in
2232 1185 2515 1244 Actaeone
2542 1183 2658 1242 ait:

849 1324 984 1394 Hoe,
1011 1345 1146 1405 qua:
1172 1337 1458 1386 vocantur
1485 1325 1751 1398 Fabulae,
1780 1327 1933 1405 cujoe
1960 1336 2101 1386 sunt
2118 1326 2143 1386 ἵ
2162 1327 2210 1358 ²⁸

847 1421 983 1480 Non
1013 1421 1140 1493 has,
1168 1423 1268 1500 qui
1287 1421 1423 1500 jura
1449 1421 1707 1502 populis,
1736 1420 1873 1481 end'
1896 1424 2028 1481 ibus
2056 1421 2349 1483 dabat'²²

849 1517 1090 1576 Honore
1118 1536 1344 1577 summo
1371 1517 1617 1578 affectus
1647 1518 1785 1580 fecit
1812 1517 2087 1577 Fabulas.

690 1667 844 1728 Duoe
869 1671 944 1730 ab
972 1669 1335 1749 Apollodoro
1361 1671 1665 1730 translatae
1686 1689 1821 1731 esse
1848 1671 2121 1732 dicuntur
2145 1669 2395 1742 comico,
2423 1669 2698 1728 Phormio
2718 1679 2779 1729 et

608 1761 876 1842 Hecyra:
905 1775 1156 1843 quatuor
1180 1763 1423 1843 reliqua:
1449 1784 1486 1824 a
1513 1763 1879 1826 Menandro:
1909 1786 1982 1826 ex
2010 1765 2223 1845 quibus
2250 1783 2469 1844 mag-no
2497 1782 2780 1824 successu

608 1868 671 1918 et
693 1858 880 1936 pretio
907 1860 1068 1919 stetit
1095 1858 1415 1924 Eunuchus
1443 1859 1679 1920 fabula:
1724 1861 1980 1940 Hecyra,
2024 1881 2183 1942 sepe
2222 1861 2484 1933 exclusa,
2526 1860 2622 1920 vix
2648 1868 2783 1918 acta

607 1962 719 2014 est.

1165 2177 1383 2256 PUB.
1439 2189 1763 2257 TEREN
1766 2189 1907 2256 '1¹11
1961 2189 2223 2269 VITA,

923 2355 1110 2403 QUAM
1157 2357 1193 2396 Ε
1235 2357 1475 2400 comen
1519 2359 1626 2400 ns.
1670 2359 2040 2401 oxonnmsr
2088 2355 2475 2400 nzsclul’su·

1363 2481 1530 2532 ABR.
1577 2479 2029 2534 GRONOVIUS.

609 2604 910 2666 comeus
941 2626 1154 2685 genere
1185 2607 1422 2686 quidem
1449 2602 1641 2670 extitit
1667 2610 1829 2683 Afer,
1872 2611 2017 2670 civis
2059 2630 2197 2671 vero
2236 2601 2781 2688 Carthaginiensis:

607 2699 881 2779 Scipione
910 2711 1102 2761 autem
1143 2713 1434 2763 remeante
1480 2704 1701 2764 victore
1744 2703 2100 2784 Cartbagine
2117 2705 2134 2733 ¹
2167 2706 2243 2765 ad
2289 2705 2491 2765 urbem
2536 2703 2784 2762 Romam

603 2807 742 2876 post
768 2797 1224 2857 interfectionem
1255 2799 1630 2873 Hannibalis,
1674 2801 1809 2872 iste,
1854 2801 1955 2880 qui
1983 2820 2117 2862 cum
2147 2799 2277 2861 aliis
2305 2799 2505 2859 multis
2535 2797 2785 2856 Cartha-

606 2891 968 2971 giniensibus
1018 2893 1472 2972 comprehensus
1521 2894 1733 2969 fuerat,
1790 2907 1926 2958 ante
1966 2915 2201 2956 currum
2250 2893 2536 2975 Scipionis
2583 2891 2783 2971 ligatis

605 2994 760 3046 retro
787 2986 1054 3047 manibus
1081 2987 1336 3049 minatus
1364 3000 1477 3064 est,
1522 3001 1588 3050 ut
1626 2993 1912 3072 captivus,
1956 2992 2061 3053 sed
2089 3011 2319 3053 currum
2348 2989 2502 3050 illius
2528 2988 2784 3068 pileatus

603 3090 952 3160 prosecutus
981 3093 1074 3143 est
1097 3084 1158 3141 in
1189 3086 1411 3159 urbem,
1457 3087 1620 3164 qnod
1648 3099 1776 3147 erat
1801 3089 1910 3147 in²
1954 3090 2187 3168 signum
2219 3086 2524 3148 libertatis.
2606 3083 2807 3159 Nam„

603 3177 958 3254 quicumque
985 3179 1348 3255 captivorum
1377 3199 1414 3238 a
1439 3180 1659 3240 victore
1686 3182 1953 3242 libertate
1992 3183 2295 3262 potiretur,
2335 3180 2547 3258 pileum
2596 3178 2655 3236 in
2684 3197 2787 3236 ca·

599 3270 723 3349 pite
747 3269 972 3330 habens
992 3288 1224 3331 currum
1249 3271 1407 3332 illius
1434 3277 1933 3353 prosequebatur:
1974 3287 2040 3335 ut
2064 3274 2219 3336 enim
2246 3293 2285 3334 a
2312 3273 2588 3353 Scipione
2618 3271 2786 3351 agni-

667 3479 733 3524 19
767 3475 925 3538 cm]
957 3475 1128 3540 Vulgo
1161 3477 1407 3528 continue
1423 3477 1656 3529 scribunt
1732 3479 1862 3540 caius
1892 3477 2037 3530 me?
2068 3477 2232 3529 Idem.
2295 3475 2479 3528 Adhuc
2515 3473 2787 3538 legebatur
2871 3493 2883 3518 a

604 3549 678 3598 u‘s
698 3550 906 3612 Gemina,
935 3550 1072 3615 qnod
1101 3552 1316 3603 verbnm
1349 3567 1446 3617 per
1479 3567 1656 3604 omnes
1732 3555 1863 3617 ciffus
1884 3556 1967 3604 vel
2004 3555 2124 3616 enda
2156 3557 2287 3616 mit,
2332 3551 2591 3602 sententia
2624 3547 2785 3600 refra-

601 3623 716 3674 fere
759 3624 1028 3675 hodierna·
1073 3625 1269 3690 linguas
1319 3635 1658 3692 propagatum
1738 3633 1915 3692 gente.
1953 3627 2255 3677 Obsoletnm
2276 3625 2480 3676 illudne
2502 3638 2595 3689 pro
2617 3623 2785 3684 ‘non,’

555 3696 564 3704 '
605 3707 726 3748 est:
759 3699 851 3748 sed
895 3707 1038 3750 recte
1075 3707 1250 3752 monet
1289 3702 1370 3752 vir
1403 3703 1660 3767 egregius,
1738 3719 1855 3754 cum
1871 3703 2172 3769 displiceret
2186 3702 2541 3765 librarii-,cito
2560 3715 2788 3764 expunc-

604 3765 747 3824 Frid.
788 3771 922 3838 Aug.
945 3775 1178 3836 wolfius,
1209 3775 1376 3828 Acad.
1413 3777 1660 3829 Halensis
1740 3786 1849 3828 tum
1888 3786 1988 3830 est.
2038 3779 2185 3830 Both.
2253 3779 2357 3832 Qui
2394 3777 2542 3828 dedit
2575 3771 2695 3838 cuia
2724 3789 2785 3824 ae

603 3851 782 3912 decus,
814 3850 1170 3914 conjungenda
1190 3866 1306 3903 esse
1326 3853 1488 3903 verba
1524 3853 1541 3882 ‘
1558 3854 1657 3904 Co·
1734 3859 1863 3904 unt.

603 3924 772 3975 rnlca’
801 3929 861 3974 et
889 3926 906 3952 ⁸
927 3925 1126 3976 virtus?
1159 3927 1308 3978 Both.
1799 3934 1865 3980 22
1890 3930 2098 3995 Pop-lis,
2116 3929 2221 3980 aa·
2244 3925 2525 3988 mdabat]
2546 3923 2631 3973 Ita
2651 3923 2783 3972 Mss.

665 4003 734 4052 2⁰
787 4001 1065 4066 Despectus]
1115 4001 1217 4054 Ma.
1259 4003 1392 4053 Dan.
1429 4005 1659 4068 demde.
1738 4007 1985 4058 Danielis.
2015 4007 2169 4070 vulg.
2208 4003 2471 4069 pta-:ibn
2506 3999 2665 4051 dabat.
2696 3997 2784 4047 Al.

607 4067 757 4121 Ijnd.
1732 4081 2086 4133 recensentibus.
2122 4077 2274 4131 Lind.

673 4149 734 4196 21
771 4149 905 4210 (κύω
937 4150 1068 4216 καὶ]
1099 4151 1189 4204 Sic
1227 4151 1339 4206 libr.
1361 4155 1496 4206 Dan.
1572 4155 1657 4206 ΑΙ.
