3234 4934
1255 429 1348 474 nn
1397 429 1492 475 ἰἮ
1508 427 1776 476 sarno,
2522 411 2613 476 ’75

405 571 996 640 contabulationibus,
1023 573 1074 630 si
1109 571 1318 644 mavis,
1344 582 1646 631 exstructa
1674 571 1817 631 fuit:
1862 571 2017 630 circa
2046 587 2193 650 quas
2224 569 2471 648 singula·
2490 589 2611 630 am.

404 667 668 739 balacra,
722 677 826 727 aut
873 668 1136 747 porticus
1201 669 1492 728 columnis
1549 668 1817 746 pluribus
1888 666 2181 726 distinctae
2240 665 2607 726 videbantur.

409 767 606 843 Atque
632 784 702 824 ea
730 763 890 823 frons
922 783 1119 824 scenae
1147 763 1449 842 appellata
1477 763 1610 824 fuit.
1697 765 1763 822 In
1794 761 2109 842 cujuslibet
2145 762 2607 840 contignationis

405 861 792 938 frontispicio,
813 860 977 938 quod
1007 860 1328 919 Theatrum
1356 861 1730 939 respiciebat,
1778 872 1967 938 portae
2006 859 2479 938 ingeniosissime
2506 859 2611 919 de-

407 957 584 1036 pictae
612 957 891 1016 et-exitus
921 957 1066 1016 varii
1093 957 1352 1026 fuerunt,
1383 955 1443 1013 in
1467 957 1701 1034 quibua,
1724 956 2046 1034 praesertim
2078 955 2437 1033 superiorum
2467 941 2613 1014 con-

411 1053 821 1132 tignationum,
851 1051 1044 1124 Mimi,
1090 1051 1500 1120 Mirmillones,
1545 1060 1607 1110 et
1654 1051 1831 1109 ceteri
1879 1049 2048 1108 Ludii
2077 1051 2263 1110 varios
2304 1062 2510 1129 gestus
2536 1071 2607 1111 ac

412 1147 892 1226 gesticulationes
921 1147 1200 1219 edebant,
1221 1147 1378 1207 unde
1399 1145 1635 1206 Scenici
1660 1145 1889 1226 proprie
1910 1146 2073 1206 dicti.
2157 1147 2387 1206 Chorus
2416 1148 2614 1222 etiam,

413 1264 545 1305 mea
589 1243 907 1316 sententia,
968 1244 1025 1303 iu
1075 1243 1146 1302 iis
1191 1243 1588 1322 superioribus
1645 1243 2189 1321 contignationibus
2237 1244 2614 1317 referebatur,

414 1341 555 1402 dum
586 1351 904 1421 agerentur
945 1339 1300 1419 Tragoediae,
1329 1340 1440 1400 nisi
1481 1341 1690 1412 mavis,
1740 1350 1877 1418 post
1906 1359 2143 1399 scenam
2173 1341 2231 1398 in
2265 1340 2397 1400 loco
2428 1341 2615 1401 desti-

415 1448 558 1498 nato
586 1437 771 1497 fuisse
802 1437 1066 1508 chorum,
1096 1447 1157 1496 et
1183 1446 1454 1496 cantores
1493 1455 1564 1495 ac
1593 1436 1888 1508 tibicines,
1936 1435 2035 1513 qui
2064 1435 2231 1495 locus
2263 1435 2521 1508 Odeum,
2548 1448 2619 1498 ut

417 1544 584 1612 put0,
615 1535 690 1592 ob
719 1534 782 1592 id
824 1535 1147 1594 vocabatur
1175 1553 1212 1592 a
1239 1535 1534 1593 cantibus.
1622 1533 1742 1592 Sed
1772 1534 1829 1592 in
1860 1533 1930 1592 iis
1960 1553 2195 1612 quoque
2224 1532 2369 1593 locis
2398 1534 2617 1594 fiebant

418 1639 480 1690 et
527 1631 874 1691 nebularum
922 1631 1147 1702 icones,
1197 1640 1256 1689 et
1305 1617 1566 1690 Deorum
1594 1631 1943 1702 descensus,
1988 1641 2049 1688 et
2084 1639 2283 1689 cetera
2310 1628 2370 1688 id
2402 1651 2621 1716 genus:

417 1725 494 1785 ad
542 1746 786 1807 magnas
833 1739 896 1786 et
942 1736 1277 1788 sumtuosas
1330 1728 1671 1788 Comoedias
1724 1736 1881 1807 apta.
1968 1725 2253 1786 Existimo
2302 1735 2499 1786 tamen
2556 1726 2615 1784 in

417 1822 618 1883 humili
680 1824 990 1883 Comoedia
1058 1844 1176 1883 non
1239 1825 1424 1885 fuisse
1486 1838 1717 1885 tantum
1770 1833 2140 1906 apparatum.
2246 1825 2373 1884 Ima
2420 1842 2619 1884 scenae

420 1921 790 1999 contignatio
839 1921 1332 2000 prominentiores
1397 1924 1675 1981 exerebat
1740 1922 2069 1992 columnas,
2116 1922 2297 1982 veluti
2357 1921 2619 2000 porticus
2676 1921 2679 1926 ’

421 2015 709 2095 quasdam
756 2016 996 2076 latiores
1025 2019 1137 2075 sub
1167 2018 1378 2095 quibus
1409 2015 1633 2075 casulae
1678 2027 1741 2076 et
1766 2017 1987 2076 rustica
2014 2017 2317 2078 domicilia
2344 2019 2400 2076 in
2432 2015 2619 2074 Novis

423 2111 766 2183 Comoediis,
787 2111 962 2171 variis
994 2132 1192 2172 scenae
1235 2113 1403 2184 locis,
1440 2123 1781 2173 constructa
1825 2124 2014 2184 erant,
2054 2115 2226 2173 urbes
2256 2132 2514 2192 quoque,
2559 2123 2621 2171 et

420 2208 556 2268 loca
580 2208 972 2269 remotissima
997 2209 1398 2269 referebantur
1441 2207 1500 2266 in
1528 2208 1900 2288 Tragoediis:
1960 2229 1993 2268 e
2042 2209 2257 2287 quibus
2304 2208 2621 2288 prodibant

423 2316 675 2377 actores,
703 2316 764 2364 et
785 2304 924 2364 illuc
954 2323 1192 2384 quoque
1221 2323 1286 2362 se
1315 2304 1649 2365 referebant
1674 2305 1755 2364 ad
1785 2316 2039 2385 tempus.
2101 2305 2169 2364 In
2193 2306 2403 2365 eadem
2424 2325 2623 2366 scenae

421 2415 588 2481 parte
627 2400 944 2460 excitatum
989 2399 1119 2472 fuit,
1160 2399 1322 2479 quod
1367 2401 1618 2460 Podium
1664 2403 2067 2482 appellabant,
2105 2404 2245 2480 (etsi
2293 2403 2532 2483 podium
2561 2401 2621 2461 in

425 2498 712 2559 columnis
726 2497 790 2558 id
817 2497 1150 2576 significare
1181 2499 1393 2569 soleat,
1418 2497 1580 2576 quod
1605 2508 1823 2556 vocant
1841 2498 2147 2574 Pedaste,)
2161 2500 2317 2560 circa
2338 2498 2619 2559 secundae

426 2595 686 2672 porticus
715 2593 972 2652 medium
1009 2595 1398 2672 prominebat,
1445 2613 1520 2652 ne
1567 2604 1808 2653 noceret
1854 2595 2168 2654 actoribus.
2254 2595 2443 2656 Breve
2474 2613 2623 2674 quo-

428 2710 544 2771 que
571 2690 700 2763 suit,
724 2703 785 2750 et
811 2708 1134 2769 paucorum
1161 2709 1372 2770 capax,
1402 2689 1584 2770 idque
1626 2691 1747 2749 fere
1772 2690 2083 2750 videbatur
2111 2693 2344 2763 referre,
2372 2691 2531 2772 quod
2562 2691 2625 2751 in

429 2787 692 2848 aedificiis
745 2787 1124 2847 nobilioribus
1167 2788 1324 2846 circa
1371 2785 1694 2845 secundam
1764 2787 2059 2866 proecipue
2121 2789 2627 2866 contignationem

428 2883 755 2966 prominere
801 2882 1067 2941 videmus
1115 2881 1191 2940 ad
1253 2883 1564 2953 fenestras,
1613 2881 1931 2941 Perronem
1980 2883 2193 2961 vulgus
2241 2895 2439 2956 vocat,
2486 2892 2629 2964 post

429 2979 720 3058 pulpitum
769 2989 1034 3038 exertum
1085 2976 1410 3037 videbatur.
1516 2976 1799 3057 Opertum
1864 2987 1989 3037 erat
2062 2981 2317 3039 tentorio
2366 2980 2627 3057 quodam

434 3073 674 3152 insigni,
702 3084 763 3132 et
790 3072 953 3152 quod
981 3073 1174 3150 ipsum
1205 3071 1614 3150 undecumque
1660 3073 1927 3144 ambiret,
1957 3085 2023 3132 ut
2050 3073 2109 3131 in
2140 3095 2213 3134 eo
2240 3075 2525 3134 secretius
2568 3084 2631 3134 et

432 3170 623 3251 magis
652 3170 848 3230 abdite
881 3179 1220 3250 spectarent
1247 3168 1575 3248 Principes,
1603 3168 1707 3248 qui
1754 3189 2182 3249 nonnunquam
2226 3171 2364 3229 illuc
2393 3190 2457 3230 se
2486 3189 2631 3229 con·
2679 3163 2687 3170 “

433 3269 716 3328 ferebant.
826 3268 980 3326 Nam
1025 3287 1058 3326 e
1116 3265 1298 3346 podio
1347 3264 1544 3324 Ludos
1585 3284 1657 3324 ac
1706 3265 2043 3326 Comoedias
2097 3261 2399 3346 spectasse
2444 3265 2631 3326 Nero-

435 3383 569 3423 nem
597 3365 802 3424 scribit
843 3363 1242 3442 Tranquillus.
1329 3362 1568 3422 Dictum
1620 3362 1806 3434 aiunt,
1851 3362 2011 3442 quod
2061 3364 2121 3421 in
2161 3382 2233 3422 eo
2264 3373 2629 3442 spectatores

434 3469 542 3519 aut
568 3461 742 3520 etiam
769 3461 1038 3520 tibicines
1081 3449 1331 3539 pedibus
1353 3459 1537 3520 innixi
1565 3470 1789 3531 essent,
1831 3479 1952 3518 non
1990 3459 2302 3520 sederent:
2346 3460 2439 3519 vel
2467 3459 2631 3538 quod

439 3555 500 3613 in
528 3575 600 3614 eo
641 3576 1062 3636 nonnunquam
1094 3556 1346 3636 pedibus
1389 3555 1886 3635 gesticularentur
1928 3555 2243 3615 histriones
2293 3555 2354 3615 in
2392 3565 2631 3616 actuum
2678 3635 2683 3640 .

439 3653 918 3712 commutatione.
977 3653 1280 3734 Pulpitum
1307 3653 1365 3712 in
1392 3673 1593 3726 scena,
1616 3653 1845 3730 (Graeci
1867 3657 2069 3729 λόγιον
2096 3642 2436 3728 vocabant,)
2463 3654 2631 3712 locus

441 3755 569 3811 erat
595 3744 656 3806 in
683 3766 854 3826 quem
877 3749 1195 3828 prodibant
1225 3759 1455 3811 actores
1484 3769 1518 3810 e
1561 3749 1781 3810 casulis
1811 3759 1916 3810 aut
1944 3749 2318 3810 domunculis
2348 3748 2471 3807 suis
2501 3767 2635 3808 sce-

444 3843 614 3915 nicis,
631 3843 708 3903 ad
735 3843 1142 3904 recitandum:
1191 3847 1376 3906 nostri
1391 3855 1608 3906 vocant
1626 3845 2028 3926 Escbqffault.
2100 3844 2238 3904 Fuit
2258 3844 2630 3904 exactissime

352 3983 361 3988 -
445 3940 618 4002 sitnm
645 3953 785 4002 ante
810 3941 1062 4002 frontem
1094 3961 1310 4016 scenae,
1339 3953 1400 4004 et
1427 3944 1560 4004 loco
1587 3943 1774 4024 ipsius
1801 3941 2020 4014 medio,
2048 3941 2151 4021 qui
2170 3941 2407 4000 Theatri
2430 3949 2633 4000 centro

441 4039 869 4118 responderet:
913 4056 1140 4117 semper
1165 4037 1424 4118 ligneum
1451 4039 1581 4112 fuit,
1609 4050 1789 4118 atque
1833 4038 2127 4111 exemtile,
2156 4037 2331 4097 etiam
2374 4036 2423 4096 si
2452 4053 2635 4096 scena

447 4135 696 4195 structili
721 4133 966 4192 materia
995 4144 1335 4194 constructa
1354 4136 1584 4196 fuisset.
1670 4135 2168 4211 Eximebaturque
2199 4133 2257 4190 in
2280 4133 2631 4196 athletarum

449 4241 510 4290 et
555 4230 948 4310 gladiatorum
997 4229 1372 4309 spectaculis,
1419 4251 1600 4293 scena
1644 4231 2019 4292 nihilominus
2070 4230 2299 4309 integra
2340 4243 2633 4291 manente.
