3234 4934
624 372 753 439 108
1048 389 1239 437 noca
1292 386 1700 438 ΜΒΝΑΝΒΒΙ
1753 388 1844 437 13‘1·
1891 388 2376 439 Aronnonoar

622 530 807 591 fuisse
834 529 1123 591 interdum
1150 549 1257 609 pro
1286 530 1347 591 Ρ
1372 539 1716 610 usurpatam
1742 549 1759 589 t
1786 541 1855 590 ut
1878 528 2159 610 Byrrbus,
2185 548 2314 609 pro,
2347 528 2627 607 Pyrrhus.
2691 528 2812 589 Ita-

622 646 739 705 que
766 626 888 687 fieri
912 636 1133 705 potest,
1160 636 1229 685 ut
1249 645 1286 686 a
1312 626 1539 707 Pyrrha
1563 627 1710 687 urbe
1737 646 1954 687 nomen
1983 625 2225 687 ductum
2255 626 2332 685 sit
2361 624 2632 704 Byrrhia,
2659 623 2814 684 idem

618 740 860 800 prorsus
904 720 1109 781 valens
1153 721 1311 800 quod
1359 721 1497 784 Car.
1548 721 1888 783 Herodotus
1939 722 2000 780 in
2052 721 2310 801 Euterpe
2338 719 2604 783 ostendit
2630 720 2814 779 Cares

618 817 869 877 barbaro
896 816 1209 897 servilique
1234 818 1417 877 fuisse
1444 818 1701 897 ingenio,
1731 828 1793 877 et
1818 817 1895 877 ad
1924 816 2160 897 quidvis
2188 816 2473 877 malorum
2501 814 2811 875 ferendum

619 922 881 991 paratos,
907 912 1179 975 mercede
1205 914 1550 993 proposita:
1592 913 1753 974 unde
1779 924 1842 975 et
1867 924 2070 975 natum
2099 913 2468 995 proverbium
2499 930 2516 971 z
2561 912 2628 970 In
2658 911 2812 970 Care

620 1008 984 1087 periculum3
1029 1008 1305 1083 subaudi,
1338 1009 1558 1078 ἠώιος
1599 1008 1716 1069 hoc
1743 1019 1872 1071 est:
1915 1009 1977 1069 in
2003 1008 2240 1070 homine
2267 1018 2371 1070 aut
2397 1028 2457 1068 re
2485 1005 2690 1067 viliore
2716 1007 2814 1065 fac

622 1104 1015 1181 periculosam
1040 1104 1479 1186 experientiam,
1532 1106 1592 1165 in
1620 1125 1744 1185 qua
1777 1106 1827 1165 si
1871 1124 2079 1187 parum
2107 1105 2355 1167 feliciter
2381 1103 2642 1175 cesserit,
2691 1121 2814 1163 non

620 1199 872 1260 multum
898 1199 1192 1281 dispendii
1220 1202 1597 1283 capiendum.

706 1296 890 1368 Crito,
921 1297 1097 1367 Quod
1124 1300 1581 1359 controversiam
1609 1300 1867 1363 dirimat.
1949 1300 2176 1379 Κριτὴε,
2214 1297 2421 1379 judex,
2469 1298 2812 1359 arbitrator:

624 1399 807 1469 κρίνω,
844 1392 1070 1473 judico,
1109 1395 1426 1476 interrogo,
1474 1397 1766 1471 examino,
1825 1397 2214 1477 quaestionem
2260 1396 2336 1456 de
2384 1394 2578 1475 aliquo
2605 1394 2817 1455 habeo.

624 1490 785 1549 Sane
814 1490 981 1550 Crito
1005 1490 1286 1563 Andrius,
1315 1492 1579 1553 Athenas
1601 1494 1866 1565 veniens,
1887 1501 2074 1553 totam
2099 1490 2274 1570 hujus
2299 1488 2624 1551 Comoediae
2653 1488 2816 1551 litem

627 1596 691 1645 et
714 1586 1169 1648 controversiam
1198 1586 1446 1661 diremit,
1474 1587 1748 1649 indicans
1775 1609 1910 1669 quae
1938 1597 2101 1649 esset
2125 1587 2426 1648 Pasibula.

710 1680 1013 1757 Chremes,
1056 1682 1356 1745 Pasibuloe
1390 1694 1451 1746 et
1493 1685 1862 1747 Philumenae
1908 1696 2097 1766 pater,
2145 1704 2346 1746 senex.
2426 1687 2482 1745 A
2511 1688 2819 1761 screando,

627 1778 791 1857 quod
818 1798 993 1840 senes
1019 1780 1171 1841 tussi
1196 1794 1528 1861 expurgent
1552 1794 1788 1863 pectus.
1870 1782 2261 1862 xpepmpm,
2292 1801 2479 1843 screo.

709 1872 1071 1954 Glycerium,
1108 1877 1400 1938 meretrix.
1484 1881 1538 1938 A
1582 1879 1908 1959 voluptate,
1956 1877 2049 1938 vel
2099 1877 2436 1939 dulcedine.
2520 1880 2817 1957 ῙἊυκερόε,

626 1968 840 2031 dulcis.
925 1972 1083 2034 Hinc
1111 1972 1514 2054 Glyeyrrhiza,
1560 1975 1752 2036 dulcis
1792 1974 1978 2035 radix.
2065 1972 2295 2052 Vulgus
2324 1973 2685 2055 Liquiritiam
2714 1996 2821 2036 vo·

628 2076 748 2127 cat.
846 2067 1121 2148 Glycere,
1165 2069 1341 2150 hujus
1385 2070 1690 2151 Glyceres,
1737 2090 1952 2131 nomen
1997 2070 2256 2131 mulieris
2305 2072 2625 2150 proprium,
2671 2073 2818 2132 verti

627 2162 807 2223 etiam
828 2174 1048 2243 potest,
1076 2164 1269 2225 dulcis
1295 2187 1310 2227 :
1350 2165 1479 2245 ejus
1506 2166 1918 2227 diminutivum
1949 2164 2318 2246 Glycerium,
2339 2165 2656 2227 dulcicula.

708 2258 922 2339 Mysis,
968 2260 1203 2322 ancilla.
1287 2262 1341 2321 A
1393 2262 1595 2343 Mysia
1639 2262 1850 2342 patria.
1933 2263 2147 2321 Strabo
2175 2260 2352 2321 refert
2379 2262 2686 2340 Mysorum
2715 2280 2822 2343 po-

627 2354 835 2433 pulum
860 2374 1049 2434 usque
1076 2356 1228 2417 adeo
1255 2366 1616 2417 contemtum
1644 2356 1848 2430 fuisse,
1891 2366 1960 2416 ut
2010 2355 2314 2435 proverbio
2359 2354 2556 2415 locum
2597 2356 2820 2416 fecerit.

632 2450 704 2509 Id
732 2462 980 2531 usurpat
1029 2452 1115 2512 M.
1143 2453 1372 2514 Tullius
1416 2454 1479 2512 in
1529 2452 1815 2513 Oratione
1861 2472 1968 2533 pro
2017 2451 2277 2513 Flacco:
2319 2456 2336 2487 ‘
2361 2449 2564 2523 Quid:
2610 2450 2820 2530 inquit,

630 2552 649 2580 ⁴
680 2564 853 2627 porro
879 2548 942 2608 in
971 2548 1183 2609 Graeco
1214 2568 1485 2609 sermone
1512 2558 1636 2609 tam
1663 2549 1865 2608 tritum
1893 2558 2070 2627 atque
2095 2546 2452 2608 celebratum
2481 2555 2596 2618 est,
2621 2565 2820 2624 quam,

630 2642 685 2701 si
711 2644 843 2722 quis
872 2643 1200 2725 despicatui
1230 2644 1485 2719 ducitur,
1512 2655 1581 2705 ut
1608 2644 1920 2723 Mysorum
1949 2645 2188 2704 ultimus
2215 2662 2351 2703 esse
2381 2642 2611 2703 dicatur
2629 2641 2675 2699 ’ζ’

714 2740 948 2815 Lesbia,
976 2742 1281 2803 obstetrix.
1338 2743 1394 2801 A
1423 2742 1613 2803 Lesbo
1643 2740 1859 2802 insula.
1915 2740 2231 2801 Rationem
2250 2737 2436 2798 habes
2461 2736 2639 2816 paulo
2661 2746 2819 2797 ante.

862 3158 1116 3225 LOCA
1162 3156 1726 3235 MENANDRI,
1768 3156 1892 3221 ET
1934 3152 2590 3231 APOLLODORI,

632 3293 826 3348 ουλε
868 3290 1383 3345 Tum-:umus
1440 3289 1778 3341 ιΑΤιΝΕ
1833 3288 1987 3339 Εετ
2041 3282 2822 3339 ιΝΤΕΒΡΒΕΤΑΤυε.

1294 3444 1794 3537 scum-:venus
1833 3482 2164 3535 merom.

638 3604 965 3665 Sunsncrr
1010 3598 1256 3661 editioni
1300 3597 1669 3659 Terentianae
1699 3616 1734 3657 a
1764 3616 1828 3658 se
1857 3594 2164 3656 recensitae
2195 3593 2392 3656 Nobil.
2419 3612 2492 3655 ac
2518 3594 2824 3655 celeberri-

632 3718 769 3759 mus
798 3699 957 3759 Dan.
989 3697 1269 3758 Heinsius
1299 3697 1455 3757 Loca
1482 3695 1710 3775 aliquot
1736 3689 2073 3765 Menandri,
2115 3712 2251 3770 ques
2279 3691 2587 3751 Terentius
2617 3690 2823 3751 Latine

634 3806 729 3859 est
754 3796 1032 3868 imitatus,
1058 3814 1133 3854 ex
1160 3791 1513 3855 collectione
1537 3790 1797 3851 Andreoe
1827 3788 2014 3851 Scotti
2042 3806 2058 3848 :
2099 3806 2210 3848 nos
2255 3788 2328 3848 iis
2370 3788 2487 3846 alia
2509 3805 2585 3846 ex
2611 3785 2822 3847 eodem

635 3890 971 3954 Menandro
999 3890 1393 3971 adjunximus,
1440 3899 1622 3969 atque
1665 3888 1905 3967 insuper
1946 3904 2020 3946 ex
2051 3882 2434 3965 Apollodoro,
2476 3880 2642 3960 quod
2686 3880 2820 3939 illos

636 3990 790 4050 duos
812 3989 1045 4068 proprie
1072 3986 1335 4048 imitatus
1362 3985 1539 4046 fuerit
1562 3994 1743 4064 atque
1771 3980 2124 4061 expresserit
2147 3978 2358 4049 Poeta,
2401 3975 2564 4056 quod
2601 3994 2676 4035 ex
2703 3976 2824 4035 Co-

634 4086 981 4147 rnoediarum
1008 4084 1137 4165 ejus
1156 4087 1493 4163 ἐπιγραφαῖς
1512 4089 1608 4143 est
1627 4080 2020 4141 manifestum.
2078 4076 2169 4135 Ea
2187 4083 2386 4137 autem
2407 4070 2578 4133 nobis
2601 4088 2820 4149 suppe-

628 4178 917 4258 ditarunt,
966 4181 1179 4264 partim
1226 4189 1503 4261 excerpta
1544 4178 1832 4241 Grotiana
1885 4196 1960 4239 ex
2005 4169 2332 4253 'tragoediis
2381 4180 2444 4231 et
2491 4166 2809 4231 Comoediis
