3234 4934
626 405 759 472 262
1078 423 1354 472 snocm
1407 423 1764 472 varnavia
1815 424 1915 472 ns
1958 424 2362 473 ‘runnu-rio.

1275 661 1407 728 DE
1448 660 1705 728 AELIO
1752 661 2178 730 DONATO.

1060 855 1449 939 Hieronym.
1476 855 1549 920 in
1577 853 1914 922 Chronico
1944 857 2216 941 Olymp.
2243 855 2394 922 284.

719 988 1112 1057 Victorinus
1158 990 1379 1056 rhetor
1428 994 1497 1055 et
1543 990 1848 1056 Donatus
1903 991 2389 1072 grammaticuS,
2439 998 2822 1074 praeceptor

632 1110 849 1170 meus,
884 1091 1131 1178 Romaa-
1152 1091 1442 1174 insignes
1467 1092 1831 1157 habentur:
1875 1111 1914 1156 e
1941 1091 2184 1176 quibus
2200 1090 2596 1157 Victorinus
2623 1093 2826 1157 etiam

636 1199 932 1260 statuam
959 1194 1027 1258 in
1055 1192 1198 1260 foro
1224 1190 1518 1279 Traj'ano
1545 1193 1805 1259 meruit.

1150 1353 1342 1420 Idem
1373 1352 1658 1438 Apolog.
1686 1353 1940 1420 advers.
1971 1353 2307 1418 Rufinum.

724 1481 904 1547 Puto
932 1481 1115 1564 quod
1144 1500 1311 1566 puer
1338 1481 1582 1564 legeris
1612 1478 1824 1564 Aspri
1854 1480 1924 1543 in
1946 1478 2305 1563 Virgilium
2337 1485 2408 1545 et
2429 1479 2822 1544 Sallustium

638 1580 1195 1648 Commentarios:
1242 1582 1549 1648 Vulcatii
1570 1583 1639 1647 in
1671 1581 2028 1647 Orationes
2060 1581 2445 1650 Ciceronis:
2487 1581 2827 1646 Victorini

637 1683 709 1748 in
739 1683 1065 1768 Dialogos
1093 1684 1263 1768 ejuS,
1290 1690 1356 1750 et
1393 1685 1462 1749 in
1484 1683 1776 1750 Terentii
1805 1683 2192 1749 Comoedias
2234 1684 2667 1767 praeceptoris
2695 1682 2826 1746 mei

640 1784 920 1863 Donati,
949 1806 1141 1871 aeque
1168 1788 1241 1849 in
1266 1784 1641 1869 Virgilium,
1700 1793 1766 1850 et
1804 1786 2088 1850 aliorum
2121 1785 2190 1849 in
2233 1785 2443 1864 alios3
2487 1782 2826 1860 Plautum,

642 1886 1055 1966 Lucretium,
1112 1886 1455 1964 Flaccum,
1509 1885 1841 1965 Persium,
1888 1893 2089 1969 atque
2147 1886 2516 1952 Lucanum.
2600 1884 2828 1968 Argue

638 1988 1209 2070 interpretationes
1266 2007 1520 2067 eorum,
1582 2007 1788 2073 quare
1835 2007 1970 2052 non
2024 2007 2219 2053 unam
2286 1988 2828 2070 explanationem

640 2091 858 2154 secuti
904 2089 1059 2168 sint,
1103 2097 1175 2155 et
1201 2090 1271 2154 in
1302 2091 1535 2156 eadem
1561 2110 1635 2156 re
1679 2090 1860 2176 quod
1890 2090 1998 2157 vel
2027 2091 2181 2168 sibi,
2211 2090 2320 2154 vel
2347 2091 2501 2154 aliis
2533 2089 2832 2154 videatur

645 2198 1045 2257 enumerent.

1211 2333 1607 2416 Hieronym.
1635 2333 1704 2395 in
1733 2331 1998 2396 EccleS.
2027 2351 2181 2415 cap.
2211 2333 2274 2396 1.

735 2465 1051 2529 Comicus
1073 2466 1201 2529 ait:
1234 2464 1423 2529 Nihil
1446 2472 1553 2529 est
1570 2465 1841 2544 dictum,
1865 2466 2046 2550 quod
2075 2485 2208 2532 non
2232 2468 2320 2531 sit
2335 2467 2586 2532 dictum
2608 2468 2833 2551 prius:

646 2567 820 2632 unde
862 2574 931 2631 et
958 2573 1337 2651 praeceptor
1381 2586 1570 2632 meus
1609 2566 1942 2646 Donatus,
1989 2588 2144 2632 cum
2185 2570 2402 2653 ipsum
2431 2571 2831 2635 versiculum

650 2674 1035 2753 exponeret,
1063 2667 1376 2748 Pereant,
1408 2669 1648 2755 inquit,
1680 2671 1797 2754 qui
1827 2680 1980 2736 ante
2006 2689 2136 2736 nos
2163 2677 2396 2737 nostra
2421 2671 2750 2737 dixerunt.

1355 3035 1487 3101 DE
1530 3035 2128 3102 EUGRAPHIO.

664 3218 1039 3283 'Gerbertus
1069 3219 1408 3304 quondam
1439 3218 1882 3284 scholasticus
1909 3219 1998 3282 ad
2026 3217 2408 3297 Airardum,
2439 3217 2659 3302 Epist.
2681 3235 2813 3284 vn.

737 3350 1190 3416 Petitiouibus
1212 3351 1353 3415 tuis
1383 3353 1770 3417 annuimus:
1815 3359 2047 3417 nostra
2065 3359 2143 3416 ut
2159 3353 2519 3435 exequaris
2546 3354 2844 3435 negotia,

650 3453 834 3518 velut
876 3452 1168 3536 propria,
1210 3471 1576 3518 monemus.
1665 3452 1934 3518 Plinius
1971 3452 2374 3533 emendetur,
2420 3452 2844 3539 Eugraphius

650 3554 1029 3636 recipiatur.

657 3705 1022 3772 Gerbertus
1073 3706 1185 3770 hic
1238 3710 1478 3789 postea
1533 3705 1681 3772 PP.
1730 3705 1974 3787 factus,
2033 3707 2374 3792 Sylvester
2427 3707 2647 3773 dictus
2689 3707 2840 3786 suit,

739 3805 1045 3891 vixitque
1084 3808 1214 3870 sub
1262 3806 1525 3872 Othone
1578 3807 1721 3874 ΙΙΙ.
1773 3807 1949 3893 Imp.
1997 3809 2180 3876 circa
2223 3808 2312 3877 A.
2341 3809 2416 3874 C.
2441 3811 2592 3876 998.
2678 3809 2845 3874 Vid.

741 3906 1082 4074 Faslcicul.
1109 3907 1425 3994 Tempor.
1459 3910 1848 3994 onuphrius
1891 3910 2180 3979 Panvin.
2211 3913 2278 3976 in
2311 3911 2548 3977 Chron.
2579 3911 2846 3976 Eccles.

742 4016 810 4075 et
835 4029 875 4075 a
902 4010 973 4075 ii.
