3234 4934
619 378 752 446 236
1282 394 1667 443 nicaenus
1714 392 2145 443 nsua-nnius
2194 374 2207 391 ¹

619 534 892 613 singulis,
948 532 1268 594 scandatur
1319 533 1625 605 iambicus,
1666 544 1837 593 vetus
1894 532 2230 592 institutum
2278 532 2412 592 est!
2508 532 2585 591 Et
2628 552 2761 593 mox
2786 554 2803 591 z

620 636 639 664 ⁶
664 628 838 687 Unde
881 638 1125 708 apparet
1168 628 1468 690 heroicum
1501 626 1751 706 singulis
1782 627 2029 705 pedibus
2060 627 2270 687 scandi
2296 628 2473 687 etiam
2500 626 2659 707 apud
2688 628 2805 687 Ve-

616 734 771 785 teres
800 724 1059 797 solitum,
1091 724 1359 783 lumbum
1386 734 1583 783 autem
1609 722 1805 782 binis!
1885 723 2113 783 Marius
2140 723 2504 795 Victorinus,
2530 744 2592 803 p.
2620 724 2803 782 2497.

619 826 636 854 ‘
660 820 774 881 Per
801 819 1227 899 Monopodiam
1247 819 1378 879 sola
1405 818 1719 897 Dactylica
1746 816 2151 887 scanduntur3
2189 837 2298 897 'per
2324 817 2641 897 Dipodiam
2667 836 2807 877 vero

618 915 851 975 cetera!
934 915 1200 975 Nescivit
1241 914 1338 975 hic
1389 913 1752 974 Bacchiacos
1786 926 1847 975 et
1877 914 2161 986 Creticus,
2206 932 2358 994 quos
2386 914 2561 975 etiam
2591 913 2807 972 Mono-

615 1009 796 1089 podia
842 1010 1162 1071 dimetitur.
1242 1008 1586 1081 Diomedes,
1612 1027 1675 1087 p.
1704 1012 1844 1069 503.
1888 1016 1905 1044 ‘
1930 1009 2157 1068 Feritur
2202 1009 2469 1069 senarius
2518 1009 2801 1073 iambicus

615 1104 962 1165 combinatis
988 1103 1240 1186 pedibus
1267 1103 1395 1164 ter!
1473 1103 1860 1163 Terentianus
1889 1102 2159 1177 Maurus,
2185 1124 2246 1183 p.
2274 1106 2455 1164 2432.

1017 1216 1255 1276 Iambus
1285 1217 1412 1295 ipse
1440 1235 1546 1275 sex
1569 1214 1726 1276 enim
1754 1214 1900 1275 locis
1930 1225 2147 1287 manet,

1015 1310 1094 1370 Et
1117 1310 1256 1370 inde
1282 1327 1499 1369 nomen
1523 1308 1776 1369 inditum
1802 1321 1896 1370 est
1922 1311 2189 1371 senario:

1015 1405 1136 1467 Sed
1165 1417 1252 1467 ter
1277 1405 1494 1475 feritur,
1521 1403 1658 1463 hinc
1685 1405 1981 1464 trimetrus
2008 1404 2262 1474 diciturg

1011 1499 1370 1561 Scandendo
1396 1500 1564 1559 binos
1589 1498 1754 1579 quod
1780 1498 1964 1579 pedes
1991 1499 2424 1579 conjungimuS.

613 1622 776 1686 Ictus
823 1620 1136 1683 Percussio
1184 1619 1430 1689 dicitur3
1475 1620 1618 1699 quia
1664 1621 1901 1695 tibicen,
1949 1620 2091 1679 dum
2119 1620 2453 1700 rhythmum
2480 1634 2542 1682 et
2572 1632 2799 1704 tempus

611 1719 1046 1791 moderabatur,
1086 1726 1176 1776 ter
1210 1718 1270 1777 in
1298 1717 1605 1787 Trimetro,
1648 1728 1855 1796 quater
1898 1718 1957 1776 in
1985 1717 2370 1788 TetrametrO,
2413 1718 2601 1778 solum
2644 1720 2799 1799 pede

611 1814 893 1875 feriebat:
921 1814 1130 1889 Ἀρσιε
1157 1824 1352 1871 autem
1383 1812 1504 1871 sive
1554 1811 1819 1871 Elevatio
1867 1811 2197 1891 appellatur
2218 1832 2237 1881 3
2282 1810 2442 1893 quod
2485 1813 2545 1871 in
2589 1814 2797 1875 iisdem

612 1908 877 1990 syllabis,
928 1908 1140 1987 quibus
1167 1906 1382 1968 tibicen
1413 1906 1623 1987 pedem
1653 1908 2156 1980 accommodabat,
2199 1919 2362 1969 actor
2387 1928 2592 1969 vocem
2622 1929 2799 1970 acue-

611 2005 716 2066 bat
742 2024 812 2064 ac
841 2004 1106 2064 tollebat.
1189 2004 1260 2062 In
1286 2002 1464 2063 Thesi
1491 2013 1689 2062 autem
1738 2014 1879 2063 sunt
1924 2014 2136 2063 ceterae
2188 2002 2453 2082 syllabae,
2502 2023 2637 2083 quae
2676 2006 2798 2065 ictu

608 2099 910 2160 destitutae
939 2099 1129 2159 miuus
1154 2097 1374 2159 idcirco
1403 2097 1739 2157 audiuntur.
1822 2098 1950 2157 Hos
1977 2100 2129 2159 ictus
2162 2099 2285 2159 sive
2328 2102 2537 2175 ἄρσεις,
2578 2120 2795 2179 magno

609 2185 960 2254 discentium
986 2193 1318 2265 commodo,
1361 2212 1470 2251 nos
1512 2191 1681 2271 primi
1725 2192 1785 2249 in
1832 2203 2041 2252 nostra
2086 2192 2343 2252 editione
2383 2214 2488 2273 per
2516 2208 2796 2256 accentus

610 2298 818 2356 acutos
845 2288 1260 2369 expressimus,
1303 2298 1420 2347 tres
1454 2286 1515 2344 in
1541 2285 1862 2357 Trimetris,
1890 2296 2143 2364 quatuor
2169 2288 2229 2344 in
2257 2288 2630 2349 Tetrametris
2656 2309 2672 2349 ε

772 2400 959 2459 Poeta
983 2419 1118 2459 cum
1147 2399 1394 2477 primum
1421 2396 1677 2458 animum
1708 2397 1785 2457 ad
1824 2397 2196 2459 scribendum
2224 2396 2471 2479 appulit,

770 2494 839 2552 Id
869 2493 978 2553 sibi
1009 2493 1210 2573 negoti
1237 2492 1488 2553 credidit
1515 2492 1709 2553 solum
1738 2491 1886 2553 dari.

769 2586 1098 2660 Enimvem,
1128 2589 1316 2660 Dave,
1341 2586 1423 2647 nss
1453 2590 1570 2649 loci
1595 2599 1689 2651 est
1716 2588 1984 2669 segnitioe
2010 2611 2202 2670 neque
2232 2590 2539 2666 socordiae,

769 2684 1070 2752 Quantum
1096 2682 1361 2744 intellexi
1387 2684 1566 2745 modo
1593 2687 1752 2745 senis
1780 2684 2131 2746 sententiam
2163 2686 2238 2746 de
2266 2688 2509 2767 nuptiis.

609 2797 737 2857 Etsi
765 2816 983 2870 revera,
1012 2796 1176 2876 quod
1204 2798 1458 2858 Romani
1484 2797 1819 2871 voluerunt,
1847 2797 1975 2857 seui
2002 2798 2062 2857 in
2094 2818 2329 2877 quoque
2358 2798 2643 2859 Trimetro
2670 2799 2792 2861 sint

605 2894 806 2962 Ictus;
848 2894 950 2971 qui
980 2894 1064 2953 sic
1091 2894 1333 2973 exprimi
1359 2894 1626 2973 possint:

765 3004 953 3066 Poeta
981 3005 1116 3065 cfim
1143 3006 1393 3084 primum
1421 3003 1681 3066 animum
1708 3006 1787 3067 ad
1818 3005 2195 3068 scribendum
2223 3004 2467 3087 appulit,

767 3101 839 3161 Id
868 3099 978 3161 sibi
1009 3099 1212 3179 negoti
1240 3099 1493 3161 credidit
1519 3101 1710 3161 solum
1740 3100 1890 3162 dari.

603 3211 818 3271 Verum
846 3213 983 3289 quia
1023 3214 1080 3269 in
1129 3213 1364 3289 paribus
1413 3211 1581 3283 locis,
1628 3214 1687 3271 2.
1717 3214 1775 3269 4.
1808 3211 1867 3284 6,
1895 3212 2087 3269 minus
2116 3208 2458 3290 plerumque
2486 3210 2789 3272 elevantur

601 3315 663 3365 et
691 3305 990 3376 feriuntur,
1032 3323 1208 3382 quam
1236 3304 1298 3362 in
1324 3304 1667 3385 imparibus,
1700 3307 1754 3364 1.
1786 3308 1843 3363 3·.
1876 3308 1935 3376 5,
1976 3304 2196 3364 idcirco
2224 3322 2327 3363 eos
2356 3324 2516 3363 more
2544 3304 2788 3366 Graeco·

599 3419 727 3459 rum
751 3399 848 3459 hic
873 3399 1098 3479 placuit
1126 3399 1410 3459 omittere.
1496 3400 1725 3459 Horum
1752 3409 1949 3458 autem
1979 3408 2329 3458 accentuum
2358 3397 2539 3457 ductu
2569 3400 2645 3477 (si
2668 3420 2787 3461 vox

599 3496 660 3553 in
713 3493 831 3553 illis
881 3494 1120 3575 syllabis
1178 3503 1441 3569 acuatur,
1495 3504 1557 3553 et
1612 3514 1718 3575 par
1764 3493 2042 3574 temporis
2090 3511 2388 3565 mensura,
2434 3513 2568 3572 quse
2615 3494 2785 3573 pedis

601 3587 922 3649 Ditrochaei
963 3589 1059 3649 vel
1103 3590 1413 3668 Ἐπιτρίτου
1441 3588 1698 3667 δευτέρου
1726 3590 1919 3671 spatio
1947 3608 2174 3670 semper
2199 3589 2416 3662 finitur,
2465 3589 2619 3651 inter
2664 3592 2785 3650 sin·

599 3684 775 3764 gulos
803 3696 1083 3745 accentus
1114 3690 1398 3759 servetur)
1422 3706 1629 3748 versus
1659 3688 1964 3747 universos
1992 3685 2199 3746 eodem
2228 3684 2406 3745 modo
2432 3684 2617 3746 lector
2643 3686 2785 3746 effe-

595 3790 706 3852 ret,
747 3800 865 3860 quo
893 3781 1031 3841 olim
1063 3784 1136 3841 ab
1165 3795 1362 3842 actore
1391 3782 1450 3842 in
1479 3802 1661 3843 scena
1689 3782 1765 3842 ad
1792 3782 1996 3841 tibiam
2023 3782 2575 3859 pronuntiabantur.
2648 3781 2783 3841 Hoc

594 3894 831 3957 quoque
859 3875 1150 3936 commodi
1179 3877 1238 3935 in
1264 3876 1359 3935 his
1389 3879 1729 3938 accentibus
1758 3877 1943 3937 lector
1968 3875 2263 3936 inveniet:
2306 3876 2467 3955 quod
2494 3874 2693 3936 statim
2720 3886 2783 3937 et

595 3974 717 4030 ictu
745 3970 902 4033 oculi
930 3971 1257 4032 trochaicus
1287 3974 1360 4031 ab
1389 3973 1672 4047 iambicis,
1713 3972 1814 4051 qui
1841 3973 1903 4030 in
1927 3972 2136 4031 eadem
2166 3989 2341 4031 scena
2372 3969 2662 4031 interdum
2690 3971 2780 4031 lo-

595 4084 730 4126 cum
764 4067 1007 4140 habent,
1047 4067 1238 4147 possit
1262 4066 1664 4146 distinguere:
1709 4068 1760 4127 si
1788 4077 2067 4128 accentus
2096 4065 2324 4127 scilicet
2348 4067 2409 4125 in
2434 4066 2623 4148 prima
2646 4085 2780 4128 ver-

597 4178 701 4221 sus
731 4161 959 4240 syllaba
985 4172 1098 4238 est,
1140 4162 1421 4225 trochaici
1447 4173 1625 4234 sunt3
1670 4163 1760 4225 sin
1786 4162 2001 4236 minus,
2028 4161 2281 4223 iambici.
