3234 4934
629 382 759 455 ‚166
975 401 1038 447 P.
1086 398 1671 451 AN'rnsmNAnus
1724 399 1821 449 nn
1864 400 2144 451 marrus
2196 403 2523 451 ranem.

631 562 814 604 neum
837 558 968 601 esse
999 533 1295 612 duximus,
1345 560 1478 601 cum
1525 561 1817 621 nusquam
1856 541 2059 603 lectori
2090 562 2210 603 non
2254 546 2375 605 sint
2402 546 2577 608 obvia
2604 547 2824 621 futura,

629 642 686 699 in
730 658 1164 719 quamcumque
1212 638 1388 718 hujus
1435 638 1566 699 libri
1607 638 1886 717 paginam
1932 640 2140 701 oculos
2197 642 2566 704 converterit.
2651 644 2826 705 Illum

629 737 830 814 itaque
871 734 963 794 his
1010 735 1316 813 principiis
1349 744 1412 795 et
1452 734 1950 814 praeceptionibus
1997 736 2347 797 instructum
2394 758 2466 798 eo
2514 738 2829 811 dimittam,

629 831 809 893 modo
837 842 898 890 et
923 831 1070 891 illud
1116 830 1464 904 addiderim,
1515 851 1625 892 nos
1674 832 1777 890 uni
1806 832 2000 891 versui
2052 833 2345 912 geminam
2393 833 2821 897 dimensionem

631 928 1002 1007 apposuisse,
1031 949 1150 988 non
1179 930 1372 989 solum
1399 928 1502 989 ubi
1519 926 1725 988 incidit
1746 928 2101 1008 disceptatio
2123 930 2199 989 ob
2220 930 2445 990 alienos
2466 930 2599 991 illos
2622 932 2829 1011 pedes,

633 1026 737 1086 sed
767 1025 941 1085 etiam
981 1025 1039 1083 in
1085 1025 1353 1086 versibus
1403 1025 1737 1105 ambiguis:
1781 1045 1915 1085 cum
1965 1026 2189 1087 scilicet
2232 1024 2393 1087 idem
2419 1046 2625 1088 versus
2654 1027 2829 1092 simul

631 1135 692 1183 et
718 1123 778 1182 in
809 1122 1044 1183 iambici
1071 1122 1442 1184 acatalectici
1485 1133 1545 1182 et
1575 1122 1635 1182 in
1666 1123 1947 1183 trochaici
1973 1123 2303 1184 catalectici
2331 1144 2603 1186 numeros
2630 1128 2826 1187 venire

631 1230 880 1299 poterat.
967 1220 1124 1279 Sunt
1148 1229 1208 1277 et
1235 1217 1353 1277 alia
1379 1218 1607 1277 ratione
1638 1238 1841 1279 versus
1872 1220 2153 1299 ambigui,
2182 1223 2479 1301 praecipue
2507 1223 2827 1283 tetrametri

631 1316 1003 1377 catalectici:
1065 1315 1125 1373 in
1155 1333 1404 1393 quorum
1451 1314 1592 1375 sede
1642 1315 1893 1392 septima
1939 1316 2177 1394 ponitur
2220 1315 2728 1397 brachysyllabus,
2770 1319 2831 1377 in

631 1412 762 1473 aliis
805 1431 943 1473 vero
992 1412 1327 1490 regionibus
1375 1409 1574 1468 nullus
1626 1411 1901 1469 consistit
1939 1412 2192 1483 iambus,
2236 1432 2430 1491 neque
2478 1414 2659 1475 etiam
2708 1427 2830 1475 tro-

631 1509 836 1568 choeus
861 1527 876 1566 :
919 1518 988 1567 ut
1015 1518 1183 1567 actus
1217 1526 1294 1566 11.
1325 1504 1589 1577 Andriae,
1618 1504 1945 1583 penultimo
1976 1524 2193 1577 scenae,
2223 1509 2283 1568 2.
2316 1528 2512 1568 versu.

795 1644 924 1705 Nisi
955 1644 1140 1715 vides,
1175 1643 1286 1702 nisi
1317 1642 1475 1703 senis
1505 1642 1725 1702 amicos
1755 1662 1909 1714 oraS,
1940 1643 2145 1703 ambis.
2234 1643 2307 1703 C.
2338 1644 2498 1705 Bene
2518 1666 2747 1707 mones.

634 1792 750 1852 Hic
777 1810 985 1853 versus
1015 1790 1254 1868 regione
1285 1788 1473 1867 prima
1500 1787 1672 1849 tertia
1693 1798 1756 1847 et
1782 1788 2035 1867 septima
2060 1788 2577 1869 brachysyllabum
2606 1790 2786 1851 habet
2812 1814 2828 1853 :

635 1887 898 1947 secunda
927 1886 1269 1967 dactylum:
1313 1895 1545 1964 quarta,
1572 1886 1801 1963 quinta,
1849 1896 1909 1944 et
1958 1896 2147 1957 sexta,
2195 1884 2581 1964 spondoeum:
2628 1887 2835 1949 ultima

633 1984 923 2063 syllabam
953 1983 1214 2063 longam,
1237 2002 1371 2062 quoe
1395 2002 1623 2042 versum
1648 1981 1807 2041 illum
1836 1982 2251 2043 catalecticum
2278 2002 2413 2043 esse
2441 1981 2830 2046 demonstrat.

639 2079 758 2142 Sed
787 2080 1080 2158 ambigere
1109 2080 1404 2160 quispiam
1432 2080 1641 2141 merito
1685 2079 1895 2158 possit,
1948 2080 2332 2152 iambicusne,
2376 2099 2452 2140 au
2497 2080 2831 2143 trochaicus

635 2177 861 2238 censeri
891 2176 1147 2244 debeat:
1191 2196 1323 2235 cum
1355 2176 1432 2236 ibi
1471 2176 1670 2235 nullus
1714 2174 1791 2233 sit
1834 2176 2063 2235 iambus
2106 2175 2208 2254 qui
2258 2175 2593 2248 iambicum,
2640 2197 2833 2255 neque

635 2273 930 2334 trochoeus
957 2272 1061 2351 qui
1089 2271 1450 2333 trochaicum
1478 2272 1671 2349 possit
1697 2269 1978 2329 indicare.
2048 2270 2085 2329 J
2093 2269 2347 2331 udicium
2385 2271 2565 2350 igitur
2592 2270 2833 2333 aliunde

635 2369 955 2449 petendum
987 2380 1111 2429 est:
1142 2386 1352 2446 nempe
1382 2386 1416 2427 a
1441 2367 1645 2425 vicinis
1670 2366 1952 2438 versibus,
1972 2366 2074 2445 qui
2103 2367 2385 2428 trochaici
2414 2378 2556 2427 sunt
2586 2388 2789 2429 omnes
2814 2393 2829 2431 :

636 2484 756 2544 quo
783 2466 939 2525 circa
967 2474 1028 2523 et
1054 2464 1148 2523 hic
1177 2462 1510 2523 trochaicus
1537 2474 1631 2523 est
1660 2462 2047 2543 judicandus.
2105 2464 2386 2533 Quamvis
2415 2464 2571 2525 enim
2598 2466 2834 2527 iambici

637 2573 697 2620 et
739 2560 1022 2621 trochaici
1067 2580 1226 2641 soepe
1273 2560 1649 2621 inveniantur
1696 2560 2043 2629 intermisti:
2086 2559 2202 2623 hoc
2230 2571 2425 2623 tamen
2454 2571 2552 2623 est
2576 2562 2662 2621 ita
2686 2572 2831 2622 tem·

632 2656 985 2737 perandum,
1014 2666 1099 2727 ut,
1128 2674 1246 2736 quo
1276 2656 1471 2735 plures
1501 2656 1766 2735 ejusdem
1794 2657 2027 2735 generis
2056 2656 2115 2717 in
2144 2678 2327 2719 unum
2357 2656 2625 2736 digerere
2652 2678 2833 2737 quea·

635 2772 789 2823 mus,
831 2749 890 2810 id
921 2752 1160 2811 omnino
1189 2769 1468 2811 conemur
1494 2772 1508 2811 :
1553 2772 1746 2831 neque
1777 2772 1913 2813 vero
1940 2753 2114 2833 hujus
2142 2755 2225 2814 rei
2272 2755 2482 2832 gratia,
2531 2754 2623 2814 vel
2654 2754 2830 2813 etiam

631 2850 714 2909 ob
745 2848 890 2907 alias
918 2840 1323 2925 quascumque
1346 2848 1699 2909 comicorum
1724 2868 1991 2909 versuum
2016 2849 2202 2927 leges,
2229 2868 2432 2911 eorum
2461 2849 2831 2928 diligentiam

637 2944 979 3005 imitandam
1009 2944 1302 3017 existimo,
1341 2944 1444 3024 qui
1489 2946 1664 3006 etiam
1710 2956 1917 3007 contra
1954 2946 2216 3008 omnium
2247 2947 2622 3025 probatorum
2654 2954 2716 3004 et
2742 2965 2833 3005 re·

633 3052 940 3122 ceptorum
965 3040 1240 3101 codicum
1269 3041 1604 3103 testimonia
1650 3041 1792 3101 nihil
1837 3062 1956 3101 non
2000 3042 2060 3101 in
2097 3043 2372 3103 Terentio
2401 3041 2512 3101 sibi
2543 3041 2717 3101 licere
2743 3042 2832 3101 in-

631 3148 859 3198 vertere
887 3149 1215 3206 autumant,
1257 3136 1436 3197 modo
1463 3156 1695 3197 versum
1726 3136 1803 3195 ad
1832 3156 2091 3214 unguem
2122 3136 2245 3194 suis
2274 3136 2531 3197 numeris
2558 3147 2833 3198 constare

635 3232 1082 3294 demonstrent:
1125 3234 1186 3289 in
1215 3249 1460 3310 quorum
1492 3240 1691 3289 tamen
1717 3230 2124 3290 observatione
2148 3230 2274 3307 ipse
2301 3230 2609 3292 Terentius
2638 3230 2712 3291 de
2742 3234 2833 3291 in-

639 3328 866 3388 dustria
893 3326 1198 3405 negligens
1229 3326 1412 3385 fuisse
1441 3324 1809 3405 perspicitur.
1898 3324 2025 3384 Nos
2054 3324 2329 3384 Terentio
2368 3344 2666 3399 numeros,
2712 3346 2829 3387 non

637 3422 972 3483 Terentium
1029 3420 1286 3480 numeris
1341 3420 1789 3500 astringendum
1836 3421 2220 3480 arbitramur:
2280 3431 2639 3502 quapropter
2686 3424 2832 3482 nihil

637 3538 894 3597 unquam
943 3519 1022 3577 ob
1070 3517 1238 3576 metri
1285 3515 1570 3576 rationem
1619 3515 2055 3575 immutavimus
2100 3515 2158 3573 in
2207 3526 2530 3577 contextu:
2572 3518 2685 3577 nisi
2712 3518 2831 3579 duo

637 3624 743 3673 aut
769 3613 936 3692 plura
962 3632 1150 3690 eaque
1177 3612 1296 3672 fide
1326 3612 1508 3691 digna
1551 3614 1610 3673 in
1657 3611 1811 3672 idem
1842 3612 2244 3673 consentirent
2272 3613 2666 3692 exemplaria:
2708 3616 2829 3676 lec·

634 3710 812 3769 tionis
851 3718 1046 3769 tamen
1091 3708 1432 3769 varietatem
1481 3708 1703 3787 ubique
1747 3709 1867 3769 fere
1918 3706 1995 3769 ad
2044 3710 2367 3788 marginem
2410 3710 2828 3789 apposuimus:

639 3827 762 3867 una
789 3826 924 3865 cum
971 3804 1154 3866 literis
1198 3814 1259 3865 et
1306 3805 1482 3877 notis,
1525 3826 1661 3885 quas
1691 3804 1982 3866 diversam
2009 3804 2272 3866 indicent
2298 3807 2723 3867 dimensionem
2750 3808 2829 3870 ab

634 3923 731 3973 ea,
772 3920 948 3981 quam
977 3900 1280 3979 receptiori
1307 3901 1452 3961 etin
1500 3912 1785 3962 contextu
1828 3902 2039 3980 positoe
2090 3900 2329 3961 lectioni
2375 3901 2825 3980 assignavimus.

638 3986 848 4061 Valete
875 3998 1077 4070 Saroei,
1105 3996 1320 4057 eximia
1349 4017 1452 4076 spe
1477 3996 1927 4058 adolescentuli.
2012 3996 2203 4076 Lugd.
2233 3997 2384 4059 ldib.
2408 3998 2563 4077 Aug.
2598 3998 2773 4059 1556.
