3234 4934
1248 445 1345 492 nn
1388 441 1800 493 ‘rusum-io.
2491 427 2626 494 261·

952 647 1268 716 Sidonius
1298 646 1676 744 Apollinar-
1705 647 1928 717 Carm.
1959 663 2101 718 xx·

767 781 951 861 Quid
979 801 1105 847 vos
1133 783 1383 866 eloquii
1415 802 1656 848 canam
1685 784 1934 862 Latini,

766 882 1079 967 Arpinas,
1110 883 1457 964 Faunine,
1486 884 1879 963 Mantuano,

764 984 855 1051 Et
879 992 971 1064 to,
1002 986 1265 1056 comica
1294 988 1413 1076 qui
1442 987 1674 1072 doces,
1704 989 1994 1066 Terenti,

767 1086 858 1153 Et
884 1095 972 1166 te,
999 1094 1299 1173 tempore
1327 1090 1446 1175 qui
1478 1097 1670 1160 satus
1702 1109 1972 1170 severo,

764 1185 1039 1268 Graios,
1069 1189 1339 1268 Plauto,
1366 1191 1551 1258 salos
1579 1191 1816 1276 lepore
1845 1191 2137 1261 transis?

834 1385 1126 1453 Rufinus
1156 1387 1659 1454 Grammaticus
1689 1388 2183 1458 Antiochensis.

586 1516 883 1602 Agnovit
908 1528 1189 1586 metrum
1218 1529 1581 1607 servatque
1602 1521 1960 1588 Terentius
1986 1529 2231 1606 artem3

591 1621 773 1685 Nam
802 1623 1112 1706 prologos
1140 1624 1433 1690 trimetro
1465 1624 1708 1691 didicit
1737 1645 2138 1711 componore
2163 1646 2384 1707 versu,

586 1722 1083 1808 Scenarumque
1112 1733 1307 1791 actus
1335 1725 1584 1812 primos
1612 1727 1785 1812 pede
1815 1724 2072 1794 claudit
2096 1729 2353 1796 eodem.

584 1920 862 1986 Servius
890 1923 959 1987 in
988 1922 1180 2001 illud,
1207 1923 1326 1990 lib.
1362 1941 1413 1987 1.
1456 1923 1728 1988 AEneid.
1769 1929 1790 1958 ‘
1809 1923 2098 1988 Talibus
2127 1922 2438 1988 incusat!

500 2052 853 2120 Sciendum
910 2061 1017 2120 est
1064 2053 1475 2135 Terentium,
1523 2065 1792 2145 propter
1844 2058 2062 2123 solam
2103 2057 2602 2147 proprietatem,

411 2156 716 2220 omnibus
748 2155 1045 2222 Comicis
1090 2175 1245 2221 esse
1291 2157 1766 2241 praepositum3
1811 2159 2063 2241 quibus
2103 2164 2232 2235 est,
2283 2161 2605 2242 quantum

414 2255 501 2321 ad
524 2263 743 2323 cetera
768 2263 1057 2341 spectat,
1086 2257 1377 2322 inferior.

940 2457 1043 2524 Fl.
1073 2457 1416 2542 Sosipater
1447 2457 1813 2544 Charisius,
1843 2460 1962 2528 lib.
1995 2476 2078 2523 11.

482 2586 660 2668 *Hom
710 2597 782 2656 ut
831 2593 929 2656 ait
955 2590 1176 2658 Varro
1219 2592 1306 2657 de
1339 2593 1585 2658 Latino
1631 2593 1970 2671 Sermone,
2013 2593 2127 2662 lib.
2161 2609 2232 2654 v.
2273 2592 2439 2662 nulli
2481 2591 2600 2655 alii

408 2711 672 2758 servare
720 2694 1041 2759 convenit
1096 2712 1299 2779 quam
1328 2691 1646 2766 Titinnio
1699 2699 1767 2761 ot
1811 2692 2145 2766 Terentio.
2231 2689 2392 2770 Πάθη
2435 2709 2600 2761 vero

403 2791 693 2871 Trabea,
721 2795 959 2878 inquit,
987 2801 1056 2860 et
1082 2793 1363 2863 Attilius
1390 2800 1458 2860 et
1479 2793 1799 2862 Caecilius
1825 2794 2028 2861 facile
2053 2801 2426 2861 moverant.

963 2969 1208 3035 Isidor.
1240 2969 1497 3052 origin.
1522 2970 1644 3034 lib.
1677 2987 1727 3032 1.
1757 2987 1910 3050 cap.
1939 2970 2047 3034 39.

492 3103 791 3169 Fabulas
852 3103 1081 3187 poetae
1150 3103 1477 3188 quasdam
1543 3100 1918 3168 delectandi
1975 3121 2188 3166 causa
2245 3100 2592 3177 finxerunt,

401 3205 727 3291 quasdam
757 3205 845 3276 ad
872 3213 1149 3275 naturas
1192 3225 1433 3286 rerum,
1461 3203 1822 3274 nonnullas
1867 3204 1956 3274 ad
1995 3223 2214 3271 mores
2255 3201 2594 3272 hominum

396 3307 811 3391 interpretati
854 3313 1027 3372 sunt.
1117 3306 1510 3375 Delectandi
1560 3324 1772 3372 causa
1821 3304 2042 3386 fictas,
2100 3313 2179 3370 ut
2233 3325 2376 3384 eaS,
2423 3321 2589 3388 quas

400 3409 603 3492 vulgo
631 3409 883 3488 dicunt,
912 3412 1019 3476 vel
1049 3431 1218 3495 quas
1245 3409 1528 3475 Plautus
1559 3415 1628 3474 et
1646 3408 2000 3474 Terentius
2031 3413 2571 3492 composuerunt„

601 3591 709 3653 Ex
739 3593 1016 3675 antiquo
1047 3591 1197 3658 cod.
1230 3592 1369 3657 Ms.
1398 3593 1467 3657 in
1495 3589 1924 3658 Bibliotheca
1955 3587 2162 3671 Regis
2189 3587 2371 3681 Gall.

486 3723 713 3790 Natus
742 3725 815 3788 in
845 3725 1135 3792 excelsis
1164 3727 1363 3794 tectis
1394 3725 1817 3808 Carthaginis
1844 3723 2004 3789 altae

571 3825 901 3892 Romanis
927 3825 1210 3892 ducibus
1238 3828 1481 3894 bellica
1508 3827 1742 3910 praeda
1765 3825 1886 3892 sui.

482 3928 838 4012 Descripsi
864 3947 1084 3994 moros
1111 3928 1473 4007 hominum,
1492 3931 1974 4014 juvenumque,
2001 3947 2392 4012 sonumque,

569 4030 881 4110 Qualiter
909 4036 982 4096 ot
1010 4031 1188 4096 servi
1217 4029 1559 4114 decipiant
1586 4028 1934 4095 dominos:

484 4131 670 4212 Quid
698 4132 1027 4208 meretrix,
1056 4130 1217 4216 quid
1244 4132 1398 4196 leno
1428 4131 1604 4197 dolis
1634 4130 1971 4214 confingat
1998 4147 2280 4209 avarus3

571 4235 753 4302 Haec
776 4236 1181 4319 quicumque
1211 4234 1391 4316 legit,
1422 4235 1547 4314 sic,
1578 4238 1772 4318 puto,
1803 4239 2042 4298 cautus
2071 4231 2219 4298 erit.
