3234 4934
612 354 701 419 80
1448 372 1543 421 ns
1588 374 1972 425 THBATRO.

614 536 793 599 quam
822 522 1095 597 ageretur
1122 516 1450 589 Comoedia,
1473 518 1565 577 vel
1596 519 1746 578 inter
1773 518 1936 597 ipsos
1961 527 2151 580 actus.
2199 518 2373 580 Unde
2397 520 2541 581 illud
2572 522 2804 584 Plauti:

614 624 631 651 ⁶
657 616 895 675 Tibicen
924 633 1029 675 vos
1062 615 1283 674 interea
1308 613 1404 673 hic
1438 613 1804 673 delectabit?
1887 613 2184 675 Ludiones
2229 626 2429 676 autem
2471 628 2534 679 et
2573 618 2806 681 histrio-

614 732 721 772 nes
752 713 828 772 ad
878 713 1133 774 tibicinis
1174 711 1385 771 modos
1430 711 1750 782 saltabant,
1793 722 1854 771 et
1891 711 2161 771 nonnihil
2211 713 2387 773 etiarn
2417 714 2807 776 diverbiorum

612 809 1092 887 pronuntiabant.
1180 807 1353 867 Unde
1400 806 1598 867 Livius
1625 828 1640 866 :
1703 818 1718 841 ⁸
1741 808 2038 871 Ludiones
2087 830 2161 871 ex
2213 810 2446 871 Etruria
2495 812 2687 881 acciti,
2730 811 2808 872 ad

614 905 867 965 tibicinis
904 906 1112 966 modos
1162 904 1469 976 saltantes,
1511 915 1613 964 aut
1658 903 1969 967 indecoros
2019 917 2213 965 motus
2243 925 2406 966 more
2435 908 2673 969 Thusco
2702 910 2810 970 da-

611 1002 796 1062 bant.’
876 1002 1185 1083 Proprium
1218 1000 1371 1061 enim
1400 999 1696 1059 ludiorum
1727 1019 1797 1059 ac
1825 1000 2153 1061 morionum
2182 1012 2310 1061 erat
2334 1013 2530 1063 motus
2559 1004 2810 1065 decoros

614 1117 685 1157 ac
727 1109 931 1177 gestus
982 1100 1222 1161 omnino
1272 1095 1553 1157 decentes
1604 1095 1939 1156 ostendere.
2048 1098 2374 1158 Tibicinum
2430 1110 2627 1160 autem
2683 1113 2812 1160 erat

614 1194 915 1265 decorum,
942 1193 1175 1265 modoS,
1194 1192 1316 1252 boc
1345 1202 1457 1265 est,
1482 1212 1793 1253 mensuras
1820 1193 1878 1251 in
1915 1205 2098 1254 cantu
2125 1196 2458 1267 observare,
2501 1197 2814 1257 remissos-

612 1310 753 1371 que,
780 1300 884 1351 aut
915 1302 1143 1361 acutos,
1176 1289 1474 1349 autetiam
1506 1309 1715 1370 graves
1736 1290 1930 1351 facere
1957 1310 2062 1371 pro
2093 1291 2348 1351 arbitrio.
2409 1293 2479 1351 In
2495 1291 2811 1372 Tragoedia

613 1396 675 1447 et
702 1386 896 1446 Satira
918 1385 1219 1447 sexdecim
1260 1405 1505 1445 numero
1546 1385 2017 1446 interveniebant
2043 1388 2336 1447 moriones
2365 1398 2426 1448 et
2450 1387 2807 1456 histriones:

611 1484 673 1543 in
704 1482 1011 1543 Comoedia
1039 1484 1215 1543 etiam
1242 1492 1495 1562 quatuor
1522 1491 1585 1541 et
1609 1482 1839 1561 viginti.
1926 1481 2041 1550 Qui
2089 1482 2262 1541 simul
2317 1485 2508 1545 coacti
2532 1484 2590 1543 in
2621 1484 2812 1563 quoli-

612 1582 715 1640 bet
738 1580 947 1639 horum
978 1598 1215 1660 genere,
1244 1596 1543 1657 unamque
1571 1596 1695 1637 rem
1719 1589 1988 1657 agenteS,
2015 1589 2082 1637 ut
2098 1577 2222 1657 jam
2253 1577 2476 1637 dictum
2505 1590 2621 1654 est,
2652 1580 2812 1639 Cho-

614 1696 715 1735 rus
746 1677 1140 1743 vocabantur:
1192 1675 1365 1735 divisi
1414 1675 1472 1733 in
1522 1673 1677 1733 duas
1735 1685 1954 1756 partes,
2005 1673 2405 1734 Semichoria:
2465 1676 2568 1735 ubi
2613 1687 2810 1736 autem

615 1782 822 1851 gestus
849 1783 911 1832 et
934 1784 1147 1833 cantus
1178 1772 1557 1833 absolverant
1584 1790 1747 1843 suos,
1776 1783 1898 1831 tum
1920 1772 1977 1830 in
2007 1781 2209 1851 partes
2239 1769 2436 1849 plures
2463 1770 2812 1831 divideban-

613 1877 747 1927 tur:
791 1879 859 1928 ut
884 1869 984 1929 alii
1010 1877 1215 1930 essent
1244 1868 1343 1947 qui
1390 1886 1587 1940 senes,
1629 1866 1726 1926 alii
1775 1867 1875 1947 qui
1903 1878 2218 1933 amatores,
2262 1865 2660 1941 mulierculas,
2689 1885 2812 1926 ser-

613 1983 721 2024 vos
751 1963 1045 2037 luderent,
1072 1963 1461 2045 personisque
1489 1981 1560 2021 ac
1590 1963 1841 2022 vestium
1871 1962 2149 2021 varietate
2179 1960 2582 2035 induerentur,
2611 1983 2812 2042 quem·

616 2060 937 2121 admodum
960 2080 1054 2121 res
1082 2059 1415 2131 exhibebat,
1445 2077 1515 2118 ac
1544 2059 1722 2118 moris
1751 2069 1878 2119 erat
1905 2057 2064 2139 apud
2093 2076 2219 2119 eos.

644 2288 1009 2349 AMICTUS
1054 2288 1155 2347 ET
1195 2288 1603 2347 PERSONAE
1651 2285 2178 2347 HISTRIONUM
2223 2285 2790 2347 SCENICORUM.

696 2446 1010 2506 Personati
1036 2446 1354 2506 histriones
1386 2448 1648 2525 agebant
1673 2445 2063 2519 comoediam,
2091 2465 2284 2525 neque
2315 2445 2812 2523 agnoscebantur.

620 2541 740 2601 Sed
769 2543 854 2602 ita
870 2543 1217 2621 compositte
1246 2562 1317 2602 ac
1344 2543 1618 2603 conflatae
1647 2554 1816 2605 erant
1838 2562 2130 2622 personae,
2148 2554 2216 2600 ut
2241 2542 2523 2602 referrent
2542 2540 2602 2600 id
2621 2542 2815 2621 ipsum

618 2637 780 2718 quod
809 2657 846 2697 a
871 2638 1049 2697 mimo
1080 2640 1402 2717 agebatur:
1469 2638 1791 2717 liceretque
1842 2640 1952 2697 sub
1997 2639 2139 2718 ipsis
2182 2658 2386 2698 vocem
2435 2638 2562 2717 ejus
2613 2638 2815 2697 audire

616 2732 883 2793 liberam.
968 2732 1145 2805 Nam,
1174 2731 1333 2811 quod
1368 2731 1639 2792 nonnulli
1682 2733 1908 2805 dicunt,
1944 2733 2262 2794 histriones
2290 2745 2520 2794 tantum
2553 2736 2816 2813 gestibus

621 2829 988 2889 Comoediam
1016 2829 1233 2909 egisse,
1278 2847 1397 2887 non
1438 2828 1613 2889 etiam
1643 2828 1777 2888 viva
1813 2829 2162 2908 prolatione,
2191 2828 2251 2888 id
2281 2830 2476 2888 minus
2504 2829 2642 2888 mihi
2680 2849 2818 2909 pro·

616 2925 881 2985 bandum
910 2944 1045 2986 esse
1074 2924 1321 2984 videtur.
1405 2924 1826 2985 vestiebantur
1853 2945 2090 3006 quoque
2113 2926 2430 2987 histriones
2458 2946 2562 3006 pro
2590 2927 2816 2987 ratione

620 3040 845 3095 eorum,
888 3040 1039 3100 quos
1084 3022 1433 3093 referebant,
1484 3020 1599 3081 hoc
1649 3032 1760 3095 est,
1805 3022 1900 3082 vel
1949 3042 2266 3095 servorum,
2318 3024 2408 3095 vel
2449 3042 2678 3095 senum,
2722 3024 2816 3084 vel

620 3118 862 3177 alterius
902 3136 1175 3197 personae
1204 3116 1448 3176 diversis
1476 3116 1692 3175 modis.
1777 3117 2030 3177 Senibus
2075 3118 2316 3177 cornicis
2345 3118 2638 3177 candidus
2668 3120 2818 3177 Ves-

620 3213 765 3271 titus
794 3212 1066 3282 dabatur,
1095 3214 1196 3291 qui
1220 3213 1394 3271 etiarn
1420 3211 1866 3291 antiquissimus
1893 3212 2078 3271 fuisse
2106 3223 2478 3272 memoratur.
2564 3210 2818 3272 Adoles-

620 3317 827 3368 centes
856 3307 1135 3367 discolori
1161 3320 1323 3369 veste
1350 3310 1842 3386 contegebantur.
1927 3308 2092 3367 Servi
2119 3306 2328 3367 comici
2359 3308 2573 3367 amictu
2602 3309 2818 3367 vestie-

620 3406 839 3464 bantur
864 3405 1105 3483 exiguo,
1135 3405 1497 3483 paupertatis
1526 3404 1786 3481 antiquas
1815 3404 2024 3481 gratia,
2048 3402 2140 3463 vel
2165 3423 2286 3483 quo
2313 3404 2648 3481 expeditius
2677 3422 2818 3482 age-

618 3512 770 3560 rent.
851 3500 1099 3559 Parasiti
1128 3520 1261 3561 cum
1312 3500 1547 3560 intortis
1593 3500 1784 3579 palliis
1815 3500 2153 3581 prodibant.
2238 3500 2463 3560 Milites
2505 3500 2816 3581 chlamyde

620 3615 917 3675 purpurea
945 3598 1277 3657 utebantur.
1362 3597 1589 3659 Puellae
1616 3598 1856 3657 lrabitus
1885 3608 2012 3657 erat
2031 3598 2393 3676 peregrinus.
2461 3598 2622 3657 Leno
2639 3599 2818 3677 pallio

622 3693 770 3751 varii
798 3692 1015 3752 coloris
1044 3694 1424 3753 vestiebatur.
1486 3694 1894 3756 Meretricibus
1922 3691 2218 3752 dabantur
2247 3694 2537 3772 Syrmata,
2561 3694 2674 3753 hoc
2703 3706 2818 3767 est,

622 3798 819 3847 vestes
846 3807 1147 3867 expansoe,
1174 3800 1235 3847 et
1262 3808 1399 3867 ques
1446 3788 1686 3868 longius
1735 3788 2152 3848 trahebantur:
2211 3799 2382 3848 erant
2425 3808 2662 3867 quoque
2689 3790 2817 3869 ple-

624 3902 872 3964 rumque
900 3883 1043 3944 lutei
1062 3884 1299 3956 coloris,
1328 3888 1405 3945 ob
1434 3885 1760 3945 avaritiam.
1847 3886 2117 3964 Syrmata
2134 3884 2336 3956 etiam,
2363 3904 2466 3944 seu
2495 3886 2658 3963 pulla
2683 3906 2819 3963 ges·

626 3982 835 4039 tabant
860 3982 1134 4040 luctuosa
1179 3981 1560 4053 funeralibus,
1600 4002 1736 4060 quae
1779 3982 2060 4041 incuriam
2107 3981 2198 4040 sui
2237 4000 2344 4060 per
2397 3979 2818 4059 negligentiam

628 4076 1060 4153 significabant.
1145 4076 1289 4148 Sed,
1318 4078 1367 4135 si
1394 4076 1636 4155 quando
1658 4076 2004 4137 variandum
2033 4076 2092 4136 in
2123 4076 2440 4137 Comoediis
2467 4087 2613 4149 erat,
2642 4079 2819 4136 vesti·

630 4180 844 4249 tusque
888 4171 1345 4233 commutandus
1389 4191 1497 4251 pro
1537 4172 1868 4247 affectibus,
1911 4192 2063 4253 quos
2109 4193 2186 4233 ex
2229 4172 2552 4233 Comoediae
2589 4174 2818 4235 actibus
