3234 4934
1135 455 1326 504 mvn
1376 453 1852 505 casrlca'rro.
2453 440 2582 508 129

389 618 525 661 care
575 598 859 679 potuisse.
941 594 1022 657 Et
1049 596 1175 677 jam
1220 617 1325 679 per
1369 607 1556 659 totam
1601 618 1784 679 prope
1812 598 2192 661 Germaniam
2216 599 2383 660 nulla
2407 602 2582 664 facile

388 705 599 776 praeter
625 693 884 773 Philippi
910 694 1269 773 exemplaria
1294 696 1717 773 probabantur,
1747 707 1852 756 aut
1871 698 2143 756 manibus
2171 696 2456 771 studiosae
2481 698 2582 777 ju·

390 790 643 851 ventutis
674 791 1029 851 terebantur.
1101 791 1171 850 Id
1201 790 1395 851 eximii
1422 791 1529 853 viri
1556 794 1876 853 auctoritas
1904 792 2182 865 effecerit,
2210 812 2284 852 an
2314 793 2446 872 ipsa
2483 814 2581 855 res

388 894 565 964 atque
592 884 815 945 utilitas
842 884 1172 959 extorserit,
1194 884 1342 945 nihil
1370 885 1561 947 habeo
1591 886 1806 949 dicere.
1890 889 2044 958 Qum
2067 908 2179 949 nos
2208 888 2450 968 quidem
2486 908 2582 948 res

388 981 637 1061 primum
664 980 869 1052 movit,
896 990 984 1054 ut,
1012 982 1349 1061 perquisitis
1376 981 1632 1061 antiquis
1659 983 2089 1064 exemplaribus
2117 995 2180 1045 et
2196 1002 2378 1043 manu
2398 985 2584 1064 scrip-

386 1078 461 1137 tis
489 1087 549 1138 et
574 1078 899 1157 impressis,
927 1077 1091 1139 locos
1118 1077 1401 1157 plurimos
1429 1077 1807 1158 depravatos,
1856 1100 2006 1159 quos
2045 1080 2144 1140 ille
2171 1080 2582 1140 inemendatos

384 1172 721 1252 reliquerat,
753 1173 1043 1253 corrigere
1068 1194 1437 1236 conaremur.
1521 1173 1684 1242 Quid
1713 1186 1916 1237 nostra
1942 1176 2252 1257 diligentia
2278 1176 2584 1237 consecuti

386 1270 591 1342 simus,
619 1269 865 1329 aliorum
895 1280 1024 1331 esto
1063 1256 1373 1349 judiciuin.
1404 1324 1409 1329 .
1460 1270 1595 1329 Hoc
1620 1282 1782 1332 certe
1814 1273 1950 1350 jure
1977 1274 2264 1332 affirmare
2293 1290 2470 1353 posse
2497 1270 2584 1331 vi·

388 1364 559 1439 deor,
595 1385 669 1424 ex
715 1365 1015 1443 impressis
1044 1366 1271 1425 nullum
1303 1365 1531 1445 uspiam
1562 1376 1764 1427 extare
1791 1367 1969 1427 hodie
2015 1366 2332 1445 exemplar,
2374 1386 2494 1445 quo
2521 1367 2582 1425 in

386 1461 707 1539 exemplari
726 1461 927 1541 plures
951 1460 1063 1521 loci
1094 1462 1342 1522 correcti
1362 1463 1502 1538 sint,
1524 1484 1704 1544 quam
1733 1465 1794 1522 in
1821 1482 1915 1536 eo,
1942 1462 2106 1541 quod
2127 1482 2237 1521 nos
2258 1460 2584 1540 aliquando

388 1557 451 1615 in
479 1556 781 1636 publicum
810 1557 1005 1616 daturi
1043 1576 1269 1617 sumus.
1355 1558 1426 1618 Id
1452 1561 1537 1619 ita
1560 1580 1694 1619 esse
1725 1580 1859 1619 cum
1887 1578 2003 1630 res,
2031 1569 2097 1617 ut
2133 1569 2300 1637 puto,
2341 1556 2586 1617 testabi-

388 1663 505 1725 tur,
545 1663 671 1712 tum
720 1650 901 1712 editio
946 1651 1089 1711 olim
1134 1663 1375 1731 nostra„
1409 1656 1460 1715 si
1505 1676 1642 1719 cum
1672 1654 1800 1716 aliis
1826 1656 2183 1715 conferatur.
2267 1654 2498 1715 Etenim
2525 1654 2582 1712 vi

389 1767 617 1809 summa
642 1747 997 1827 jampridem
1024 1760 1204 1829 atque
1232 1752 1393 1811 omni
1422 1772 1555 1831 ope,
1581 1762 1644 1813 et
1667 1753 1804 1832 plus
1833 1751 2066 1812 demum
2096 1766 2274 1829 quam
2301 1766 2408 1829 pro
2439 1748 2586 1809 virili

388 1855 574 1923 parte,
602 1844 687 1905 nti
714 1846 973 1905 omnium
1005 1856 1143 1905 ante
1172 1866 1283 1906 nos
1306 1848 1771 1927 recognitionem
1790 1848 2176 1917 vinceremus,
2199 1844 2586 1906 annitendum

388 1939 532 1999 mibi
560 1940 907 2001 existimavi.
990 1941 1230 2003 Interim
1277 1943 1443 2003 locos
1488 1944 1769 2023 plurimos
1813 1964 1852 2004 a
1894 1945 2088 2016 nobis,
2131 1952 2356 2020 quanta
2397 1940 2585 2013 licuit,

389 2054 528 2095 cum
569 2035 686 2097 fide
728 2046 811 2106 et,
834 2035 1137 2115 religione,
1190 2048 1315 2097 tum
1358 2037 1688 2118 diligentia,
1733 2038 1953 2111 studio,
1993 2040 2196 2097 labore
2235 2037 2583 2115 castigatos,

390 2130 779 2212 pristinoque,
805 2142 875 2191 ut
897 2133 1125 2211 opinor,
1169 2133 1345 2194 nitori
1384 2135 1826 2214 integritatique
1852 2134 2117 2195 redditos
2137 2130 2588 2213 publicavimus,

390 2239 453 2287 et
487 2226 727 2307 quidem
776 2228 940 2289 nullo
984 2229 1206 2309 majore
1246 2230 1557 2291 verborum
1604 2240 1936 2311 apparatu:
1974 2226 2478 2308 quandoquidem,
2521 2234 2590 2286 ut

388 2315 491 2383 ille
513 2325 695 2398 canit,
726 2332 743 2359 ‘
767 2324 982 2385 Ornari
1010 2344 1103 2385 res
1131 2324 1264 2405 ipsa
1290 2334 1491 2404 negat,
1513 2334 1794 2386 contenta
1815 2324 2056 2385 doceri-⁹
2123 2320 2302 2392 Quod
2330 2321 2382 2382 si
2408 2318 2588 2380 laude

390 2419 617 2492 merita,
652 2421 759 2500 'qui
796 2440 983 2481 unum
1010 2421 1327 2481 alterumve
1357 2420 1417 2481 in
1447 2422 1708 2483 Auctore
1735 2420 2014 2501 quopiam
2042 2418 2341 2479 illustrant
2366 2425 2471 2475 aut
2495 2434 2590 2476 re-

391 2514 648 2576 stituunt
673 2516 889 2588 locum,
920 2536 1039 2577 non
1070 2515 1441 2588 fraudantur,
1476 2536 1583 2577 cur
1608 2536 1730 2577 non
1758 2518 1884 2598 ipse
1913 2534 2152 2595 quoque
2179 2532 2410 2593 sperem
2439 2530 2588 2573 non-

390 2610 617 2671 nullam
644 2631 739 2673 me
767 2631 806 2672 a
827 2612 1111 2672 studiosis
1140 2613 1387 2689 gratiam
1418 2611 1718 2684 initurum,
1759 2614 1861 2691 qui
1889 2622 1982 2671 tot
2005 2612 2066 2670 in
2094 2609 2368 2671 Terentio
2399 2608 2588 2679 locos,

390 2708 642 2769 fortasse
684 2728 805 2769 non
850 2707 1051 2787 inepte
1092 2728 1356 2788 prorsus,
1400 2707 1714 2788 diligenter
1759 2706 2022 2787 quidem,
2071 2716 2134 2767 et
2179 2724 2396 2783 magna
2444 2721 2592 2763 cura

391 2814 571 2877 certe,
615 2806 688 2865 ab
736 2805 1007 2867 omnibus
1053 2805 1285 2865 mendis
1331 2804 1607 2885 vitiisque
1655 2802 2060 2883 repurgarim?
2120 2799 2382 2861 Tametsi
2425 2798 2587 2858 haud

393 2919 539 2960 sane
570 2900 1041 2972 dissimulavero,
1080 2898 1307 2960 haerere
1334 2900 1529 2979 ipsum
1556 2918 1650 2959 me
1676 2897 1973 2979 plerisque
2017 2898 2078 2955 in
2119 2895 2290 2969 locis,
2327 2904 2390 2955 et
2425 2912 2590 2973 quoe-

394 2994 555 3067 dam,
582 2996 659 3054 de
686 2996 903 3075 quibus
929 3013 1138 3074 parum
1167 2993 1364 3053 adhuc
1390 2992 1638 3072 liqueat,
1666 2992 1969 3073 ampliare,
2014 3002 2075 3053 et
2101 2992 2246 3070 quid
2273 2992 2336 3050 in
2361 2990 2454 3049 his
2483 3008 2590 3067 po-

393 3091 683 3151 tissimum
730 3109 967 3168 sequar,
1016 3087 1178 3148 haud
1225 3088 1367 3147 dum
1418 3086 1785 3166 exploratum
1835 3087 1980 3147 satis
2026 3086 2265 3158 habere,
2312 3086 2373 3145 in
2424 3093 2594 3144 tanta

394 3186 718 3265 praesertim
746 3184 1163 3263 exemplarium
1193 3185 1567 3263 antiquorum
1596 3202 1733 3243 cum
1765 3182 2134 3245 dissensione
2162 3193 2224 3241 et
2251 3180 2598 3259 discr-epam.

395 3282 497 3355 tia,
526 3294 651 3343 tum
676 3294 1013 3342 monstrosa
1039 3281 1257 3341 alicubi
1286 3281 1465 3341 etiam
1492 3278 1950 3359 depravatione:
1979 3288 2048 3339 ut
2067 3278 2190 3339 suis
2219 3278 2366 3339 locis
2393 3286 2593 3338 osten-

398 3376 629 3441 demus.
699 3377 880 3448 Quod
909 3398 1016 3439 cur
1036 3377 1281 3437 tandem
1306 3396 1402 3437 me
1430 3377 1601 3437 fateri
1627 3376 1884 3455 ingenue
1909 3374 2175 3457 pudeat?
2225 3374 2342 3435 Par
2368 3384 2463 3434 est
2488 3393 2595 3435 au·

395 3484 537 3547 tem,
576 3474 736 3554 quod
778 3474 1033 3555 publices
1076 3493 1113 3534 a
1154 3474 1328 3535 nobis
1380 3472 1779 3533 studiosorum
1815 3468 2052 3533 utilitati
2084 3469 2290 3551 datur,
2331 3469 2392 3529 id
2419 3471 2598 3549 quale

398 3570 573 3643 etiam
600 3588 852 3647 cumque
878 3571 1020 3629 boni
1047 3570 1381 3631 consulere.
1439 3568 1695 3629 Proestet
1723 3568 1873 3628 alius
1901 3568 2112 3647 quivis,
2140 3577 2426 3648 quantum
2452 3583 2596 3627 nos:

399 3684 513 3727 nec
540 3663 802 3724 dubitem
824 3666 985 3725 omni
1008 3666 1441 3729 asseveratione
1459 3665 1831 3735 confirmare,
1855 3683 2062 3742 parum
2088 3662 2240 3725 adeo
2261 3663 2408 3735 fore,
2430 3662 2596 3741 quod

398 3761 461 3821 in
486 3759 759 3820 Terentio
785 3759 919 3838 quis
942 3759 1277 3821 desiderare
1314 3761 1552 3821 habeat.
1637 3762 1872 3821 Variam
1912 3758 2203 3821 interdum
2231 3780 2306 3819 ex
2332 3768 2596 3817 veterum

401 3866 711 3919 auctorum
740 3854 1140 3925 citationibus,
1179 3865 1242 3917 et
1288 3856 1662 3933 antiquorum
1692 3856 1842 3915 inter
1871 3875 1935 3915 se
1961 3855 2233 3915 codicum
2261 3871 2596 3934 repugnan-

403 3955 507 4028 tia,
548 3952 865 4013 lectionem
890 3950 1145 4012 indicavi
1172 3972 1187 4011 :
1229 3953 1314 4012 ita
1341 3952 1601 4025 demum,
1629 3951 1775 4031 quid
1803 3952 1946 4011 mihi
1975 3952 2262 4024 videatur,
2289 3951 2598 4029 conjectu·-

402 4052 483 4111 ris
513 4048 762 4110 subditis
790 4048 1136 4120 ostendens,
1176 4048 1421 4109 liberum
1466 4062 1535 4108 ut
1573 4058 1772 4109 tamen
1817 4048 2020 4109 lectori
2050 4047 2340 4128 judicium
2367 4064 2598 4125 semper

404 4144 755 4225 relinquam.
825 4144 961 4213 Qua
986 4144 1046 4202 in
1076 4164 1139 4203 re
1159 4143 1301 4203 mihi
1327 4142 1473 4201 nihil
1500 4143 1612 4202 fuit
1639 4144 1861 4223 potius,
1889 4162 2069 4224 quam
2097 4152 2166 4201 ut
2193 4141 2439 4213 Donati,
2467 4143 2602 4202 ubi-

406 4259 665 4319 cumque
678 4238 899 4311 liceret‚
920 4237 1098 4299 fidem
1138 4256 1431 4319 sequerer,
1461 4238 1792 4317 interpretis
1818 4240 2230 4317 undecumque
2253 4238 2598 4311 doctissimi,

538 4350 715 4415 Delpb.
736 4356 785 4401 et
808 4351 922 4403 Ver.
944 4352 1073 4403 ctu.
1433 4351 1620 4402 Terent.
2441 4350 2471 4399 1
