3234 4934
911 408 1273 460 DANIELIS
1319 407 1609 459 1113less
1661 408 2182 461 mssmt'u'rto.
2551 403 2640 469 99

459 550 603 611 driae
630 569 701 611 ac
730 548 997 613 Chaereae
1023 552 1410 633 exposuisset,
1438 560 1648 613 contra
1673 562 1872 615 autem
1896 553 1982 615 illi
2009 556 2416 636 persuasisset,
2435 571 2496 623 et
2512 561 2638 642 jam

460 647 679 725 gratias
705 647 942 727 ineptus
968 648 1147 709 homo
1168 668 1238 709 ac
1264 649 1549 710 ridiculus
1575 650 1852 712 haberet:

940 773 1103 834 Bene
1129 774 1353 834 fecisti:
1396 776 1642 853 gratiam
1667 776 1858 836 habeo
1886 777 2219 837 maximam.

622 866 940 949 Nunquam
987 870 1167 929 etiam
1210 870 1293 931 fui
1340 889 1611 951 usquam,
1651 872 1794 951 quin
1837 892 1932 933 me
1981 893 2185 936 omnes
2220 889 2484 937 amarent
2508 876 2640 957 plu-

774 982 1011 1025 timum.

456 1088 777 1170 respondet
802 1090 879 1153 ad
910 1102 1223 1173 utrumque
1250 1110 1575 1154 conversus
1602 1112 1617 1151 ε

618 1220 821 1283 Dixin’
847 1241 959 1302 ego
987 1222 1047 1282 in
1075 1222 1190 1284 hoc
1217 1224 1414 1285 inesse
1442 1222 1611 1284 vobis·
1641 1224 1897 1283 Atticam
1925 1226 2276 1305 elegantiam
2299 1226 2326 1282 ’ἒ

453 1345 629 1407 Certe
678 1357 808 1409 tota
851 1349 1045 1410 Scena
1092 1350 1267 1411 tertia
1312 1350 1465 1410 tertii
1493 1350 1681 1408 Actus
1731 1351 1791 1410 in
1821 1351 2130 1434 Adelphis,
2179 1355 2239 1412 in
2277 1373 2396 1432 qua
2422 1353 2641 1416 luditur

454 1460 489 1501 a
518 1443 667 1523 Syro
696 1444 943 1519 Demea,
973 1444 1171 1507 divina
1194 1453 1305 1506 est.
1389 1444 1605 1513 Qualia
1633 1446 1786 1505 enim
1810 1445 1956 1505 illa?

933 1572 1085 1635 Mihi
1111 1574 1347 1653 quidem
1373 1592 1493 1633 non
1527 1574 1788 1653 placent,

614 1670 691 1729 Et
716 1668 911 1731 clamo
939 1689 1135 1750 soepe:
1178 1669 1561 1731 Salsamenta·
1574 1669 1729 1743 hoec,
1758 1668 2105 1751 stephanio,

613 1766 736 1826 Fac
761 1776 1131 1827 macerentur
1157 1764 1421 1845 pulchre.

452 1895 641 1955 Plane
666 1895 823 1953 enim
865 1903 1081 1974 proeter
1127 1894 1601 1973 expectationem
1641 1892 1860 1952 omnia.
1941 1892 2081 1951 Jam
2120 1912 2257 1954 cum
2305 1894 2490 1955 Vetus
2521 1895 2640 1956 Co-

448 1990 667 2050 moedia
694 1990 837 2051 nihil
864 2009 1032 2067 seque
1062 2008 1133 2049 ac
1161 1988 1450 2069 παρφδίαν
1478 1997 1654 2057 amet,
1674 2006 1809 2066 quse
1837 1986 2181 2067 plerumque
2204 2000 2264 2049 et
2285 1992 2498 2051 acerba
2525 2000 2640 2065 est,

451 2096 514 2146 et
540 2093 707 2146 extra
747 2087 1003 2146 Scenam
1048 2085 1351 2165 quaeritur,
1400 2083 1826 2146 urbanissimus
1859 2082 2119 2143 virorum
2168 2086 2476 2159 rationem,
2522 2106 2642 2165 qua

451 2201 525 2241 ex
554 2181 787 2243 actione
836 2182 985 2262 ipsa,
1026 2180 1359 2261 parodiam,
1416 2180 1678 2259 lepidam
1721 2196 1864 2239 sane
1915 2186 1977 2239 et
2023 2190 2350 2265 venustam,
2396 2192 2643 2263 peteret,

448 2277 691 2340 invenit.
775 2277 951 2353 Nam,
978 2298 1113 2339 cum
1144 2279 1373 2338 Demea
1400 2277 1668 2351 dixisset,

1255 2391 1352 2451 Fit
1378 2388 1609 2465 sedu10,

610 2488 771 2547 Nihil
798 2490 1198 2568 praetermitto‚
1226 2486 1603 2547 consuefacio
1628 2506 1643 2545 z
1687 2487 1966 2567 denique,

610 2586 933 2664 Inspicere,
958 2594 1245 2665 tanquam
1270 2584 1334 2642 in
1364 2583 1690 2661 speculum,
1719 2584 1781 2643 in
1801 2586 1953 2644 vitas
1982 2584 2242 2643 omnium

606 2681 835 2741 Jube0:
879 2690 1059 2759 atque
1085 2700 1159 2740 ex
1187 2678 1317 2739 aliis
1348 2698 1577 2739 sumere
1604 2679 1939 2759 exemplum
1967 2679 2101 2740 sibi.

608 2777 744 2837 Ho'c
776 2775 977 2836 facito.

448 2900 511 2949 et
534 2908 671 2969 quae
700 2896 1064 2967 sequuntur:
1105 2882 1423 2964 respondet
1451 2885 1675 2964 Syrus:

609 2997 926 3058 Conservis
949 2995 1027 3055 ad
1056 2994 1312 3056 eundem
1338 2996 1534 3054 istunc
1576 2995 1856 3074 praecipio
1883 2993 2158 3061 modum;

604 3094 742 3153 Hoc
770 3092 992 3153 salsum
1035 3093 1130 3165 ’st,
1159 3091 1275 3150 hoc
1304 3089 1585 3150 adustum
1616 3090 1714 3163 ’st,
1741 3090 1856 3151 hoc
1882 3091 2106 3151 lautum
2133 3090 2209 3149 ’st
2236 3108 2460 3169 parum.

506 3242 511 3245 .
604 3189 763 3249 Illud
794 3198 991 3251 recte:
1034 3189 1267 3261 iterum,
1296 3188 1383 3247 sic
1411 3199 1728 3247 memento,
1801 3185 2023 3246 Sedulo

606 3286 849 3359 Moneo,
878 3305 1012 3367 quse
1039 3302 1305 3363 possum,
1332 3302 1439 3363 pro
1466 3301 1601 3343 mea
1629 3282 1940 3363 sapientia.
2003 3282 2008 3287 ’

606 3380 937 3455 Postremo,
958 3391 1243 3460 tanquam
1270 3380 1331 3439 in
1360 3379 1684 3460 speculum,
1711 3378 1772 3437 in
1801 3382 2054 3457 patinas,
2083 3378 2332 3451 Demea,

608 3476 905 3556 Inspicere
924 3477 1109 3557 jubeo
1134 3497 1149 3535 ε
1192 3485 1254 3536 et
1278 3493 1513 3547 mone0‚
1538 3473 1684 3553 quid
1710 3475 1868 3535 facto
1897 3494 2042 3537 usus
2073 3473 2170 3533 sit.

448 3605 545 3664 Ita
585 3622 726 3664 sane
773 3616 837 3665 et
879 3604 1075 3678 Plato,
1116 3614 1179 3665 et
1226 3600 1583 3683 Xenophon,
1627 3620 1950 3682 omnesque
2005 3602 2292 3663 Socratici
2338 3600 2637 3680 jocantur.

448 3700 771 3779 Nunquam
796 3699 1030 3779 frigide,
1073 3721 1375 3780 nunquam
1402 3701 1725 3771 obscoene,·
1745 3717 2049 3778 nunquam
2076 3698 2294 3776 inepte,
2331 3713 2636 3773 nunquam

446 3795 678 3877 putide.
759 3795 1083 3857 Videamus
1120 3798 1247 3875 jam
1296 3796 1573 3857 Plautina
1612 3794 1908 3875 quasdam.
1991 3796 2080 3853 Ac
2127 3791 2478 3854 Plutarchus
2506 3790 2640 3869 qui-

448 3891 585 3952 dem
613 3890 763 3951 illud
804 3904 1089 3971 tanquam
1129 3891 1407 3970 frigidum
1434 3912 1509 3951 ex
1560 3892 1970 3977 Aristophanis
2020 3885 2638 3969 Thesmophoriazusis

448 3991 525 4053 de
556 3986 853 4066 Euripidis
880 3996 1069 4047 matre
1095 3985 1339 4047 adducit
1356 4006 1389 4055 t,

586 4105 815 4179 Ἀγρια
842 4106 957 4179 γὰρ
980 4104 1147 4179 ἡμᾶς,
1174 4095 1219 4157 ὧ
1244 4108 1523 4175 γυναῖκες,
1551 4097 1656 4175 δρᾷ
1685 4102 1843 4171 κατὰ,

593 4201 727 4261 ‘Ar'
753 4202 819 4259 dv
845 4202 1097 4277 ἀγρίοισι
1123 4196 1398 4277 λαχάνοις
1422 4198 1585 4256 αὐτὸς
1610 4199 1850 4273 τραφείς.
