3234 4934
894 440 1255 495 namnids
1298 438 1593 489 namen
1643 438 2163 490 mssssn'rawlo.
2525 430 2616 495 93
2705 507 2716 520 ·

438 586 685 667 quinon
712 584 1024 663 intelligat.
1106 584 1175 643 In
1224 583 1516 656 Terentio,
1565 584 1662 643 cui
1713 584 1822 645 soli
1871 585 2073 645 Artem
2119 584 2368 647 Flaccus
2413 579 2616 651 noster

437 682 780 761 assignavit,
808 680 951 740 nihil
976 680 1115 740 tale.
1199 680 1415 740 Omnia
1442 700 1577 741 cum
1614 680 1866 759 judicio,
1914 700 2050 740 cum
2089 684 2338 757 ratione,
2365 685 2615 747 circum-

438 786 663 857 specte,
679 798 751 838 ex
766 788 911 850 arte,
925 787 987 837 et
1012 795 1147 836 cum
1164 795 1326 836 cura.
1382 775 1537 835 Nam
1552 785 1612 835 et
1634 776 1876 836 Fabulae
1898 777 2186 855 insignem
2211 780 2332 839 fere
2353 799 2486 840 cum
2505 800 2612 861 ag-

435 874 658 934 nitione
686 874 1070 935 mutationem
1105 872 1368 932 babent:
1399 892 1569 950 quas,
1596 873 1748 933 inter
1773 879 1872 933 τὰς
1893 878 1970 949 μὴ
1999 876 2187 933 ἁπλᾶς
2214 875 2334 935 sive
2362 882 2616 953 πεπλεγ·

432 972 628 1050 μένας,
656 988 787 1030 esse
814 969 1267 1049 perfectissimas
1298 988 1543 1029 necesse
1570 978 1684 1030 est.
1748 968 1956 1036 Qualis
1981 980 2041 1029 et
2067 970 2127 1029 in
2151 970 2372 1052 reliqua
2399 974 2614 1053 ubique

434 1065 837 1145 Dispositione
862 1076 973 1125 est.
1061 1064 1239 1133 Quod
1268 1064 1345 1124 ad
1376 1064 1714 1125 Dictionem
1763 1072 1978 1137 autem,
2005 1065 2134 1144 quis
2163 1069 2421 1146 negabit,
2448 1090 2614 1148 quss-

432 1160 568 1221 dam
614 1182 747 1223 esse
787 1163 847 1221 in
876 1161 1113 1234 Plauto,
1161 1181 1296 1239 quse
1345 1181 1456 1221 nec
1489 1162 1684 1221 locum
1711 1170 1876 1221 extra
1917 1180 2174 1235 scenam,
2222 1183 2413 1244 neque
2440 1185 2613 1226 usum

430 1258 724 1319 nisiinter
746 1258 1063 1319 histriones
1092 1256 1359 1317 habent?
1418 1258 1576 1317 unde
1623 1258 1750 1318 solo
1795 1264 1858 1316 et
1903 1256 2119 1337 exiguo
2155 1258 2368 1319 theatri
2397 1264 2616 1325 ambitu

426 1354 1004 1415 circumscribuntur.
1118 1352 1273 1411 Nam
1334 1362 1396 1412 et
1439 1356 1812 1428 ἀγωνιστικὸν
1856 1350 1915 1413 in
1969 1356 2118 1426 soro,
2175 1375 2364 1433 neque
2417 1358 2613 1419 minus

431 1450 725 1530 γραφικόν,
756 1449 879 1510 sive
906 1450 1187 1508 usitatum
1212 1448 1270 1507 in
1302 1448 1611 1509 scribendo
1639 1450 2058 1524 characterem,
2087 1452 2264 1527 longe
2283 1453 2614 1515 excedunt:

430 1563 551 1625 quo
578 1546 792 1625 ubique
840 1545 1030 1617 Nova,
1076 1554 1139 1604 et
1172 1543 1299 1623 jam
1342 1544 1677 1617 emendata,
1727 1548 1968 1628 respicit
2008 1547 2334 1609 Comoedia.
2419 1550 2616 1620 Quare

430 1642 637 1713 Varro,
689 1660 823 1701 cum
880 1642 1169 1702 sermonis
1220 1640 1456 1701 laudem
1505 1642 1589 1700 illi
1617 1642 1837 1717 tribuit,
1887 1643 2044 1703 idem
2088 1639 2249 1723 quod
2289 1647 2508 1725 ubique
2550 1648 2613 1707 in

428 1736 683 1816 scriptis,
726 1738 932 1817 quanti
976 1738 1196 1797 faceret
1238 1737 1666 1816 antiquitatem,
1709 1738 2053 1820 profitetur:
2095 1749 2165 1799 ut
2199 1740 2300 1819 qui
2327 1746 2401 1801 rei
2435 1746 2616 1821 ‹irmp-

426 1840 744 1914 χαιωμένα,
773 1852 907 1912 quse
934 1834 995 1892 in
1040 1833 1256 1893 Plauto
1283 1835 1496 1912 partim
1532 1853 1724 1895 sevum
1769 1855 1886 1915 quo
1929 1838 2060 1896 haec
2097 1836 2350 1915 scripsit,
2377 1840 2610 1919 partim,

429 1946 567 2006 quas
592 1927 889 2007 plerisque
914 1926 1132 2007 placet,
1160 1930 1295 2008 ipsa
1321 1928 1515 1989 desita
1551 1941 1801 1990 excusat
1827 1933 2168 2011 antiquitas,
2220 1934 2615 1993 commendat.

430 2020 605 2081 Unde
626 2032 687 2081 et
714 2022 842 2100 ipse
868 2022 971 2101 qui
1000 2024 1084 2081 sic
1101 2022 1413 2101 judicavit,
1440 2033 1507 2082 ut
1533 2022 1774 2084 nimium
1817 2026 2184 2103 antiquitatis
2212 2025 2270 2083 in
2302 2026 2616 2087 scribendo
2687 2030 2692 2034 ’

430 2117 755 2187 studiosae,
798 2137 993 2197 neque
1039 2117 1183 2177 satis
1210 2119 1323 2177 aevi
1362 2119 1453 2178 sui
1496 2138 1738 2194 memor,
1772 2120 1961 2180 Varro
1995 2121 2068 2179 ab
2098 2120 2352 2198 antiquis
2381 2121 2616 2182 Criticis

427 2221 686 2274 notatur.
772 2214 889 2282 Qui
939 2233 1073 2275 cum
1104 2214 1363 2274 sentiant
1390 2214 1498 2287 sic,
1539 2215 1954 2296 judicemque,
1995 2217 2188 2287 nobis,
2230 2216 2330 2296 qui
2379 2217 2454 2277 ab
2497 2218 2614 2278 illis

425 2311 635 2370 merito
687 2310 1037 2390 pendemus,
1080 2310 1355 2390 equidem
1402 2312 1722 2371 tacendum
1767 2332 1915 2374 reor.
2014 2313 2238 2373 Auctor
2283 2312 2358 2373 de
2403 2313 2614 2373 Causis

428 2404 797 2487 Eloquentioe
845 2407 1193 2488 Corruptae:
1259 2414 1277 2443 ‘
1302 2408 1609 2468 Neminem
1660 2410 2013 2478 nominabo;
2078 2428 2267 2487 genus
2309 2410 2614 2470 hominum

426 2501 697 2581 signasse
724 2512 1073 2563 contentus:
1117 2501 1225 2562 sed
1266 2504 1433 2563 vobis
1478 2503 1683 2583 utique
1713 2514 2019 2565 versantur
2061 2514 2198 2563 ante
2243 2504 2470 2577 oculos,
2512 2507 2616 2583 qui

430 2597 713 2657 Lucilium
740 2618 847 2677 pro
896 2599 1166 2673 Horatio,
1212 2606 1277 2658 et
1323 2597 1655 2658 Lucretium
1702 2618 1808 2678 pro
1845 2598 2093 2677 Virgilio
2119 2598 2358 2677 legunt:
2401 2600 2614 2677 quibus

426 2691 765 2772 eloquentia
790 2693 877 2753 tui
915 2693 1134 2755 Aufidii
1180 2696 1350 2755 Bassi
1396 2705 1501 2755 aut
1528 2694 1755 2755 Servilii
1785 2696 2038 2755 Noviani
2075 2696 2153 2754 ex'
2175 2695 2615 2774 comparatione

428 2788 695 2849 Sisennae
736 2800 839 2849 aut
866 2789 1148 2849 Varronis
1196 2788 1438 2849 sordet!
1519 2790 1701 2859 Quod
1745 2810 1820 2849 ex
1862 2791 2104 2850 vocibus
2131 2789 2386 2869 antiquis
2431 2800 2614 2868 patet,

425 2902 576 2962 quas
606 2904 679 2944 ex
700 2886 863 2945 libris
890 2886 1019 2962 ejus
1050 2886 1254 2944 Critici
1280 2884 1572 2963 legerunt,
1600 2903 1738 2943 cum
1777 2904 1896 2943 non
1925 2904 2117 2962 pauca
2141 2885 2258 2943 alia
2280 2902 2356 2943 ex
2383 2884 2612 2963 scriptis

426 2980 555 3057 ejus
582 2980 705 3057 peti
731 2980 983 3059 possint.
1066 2980 1327 3058 Ideoque
1354 2980 1585 3050 Cicero,
1635 2980 1736 3057 qui
1765 2977 1841 3039 de
1869 2979 2062 3038 aetatis
2105 2998 2232 3037 suoe
2259 2989 2322 3038 et
2346 2996 2614 3037 sermone

392 3063 491 3136 'et
523 3084 835 3135 venustate
872 3074 1127 3134 maxima
1153 3093 1287 3134 cum
1336 3092 1479 3134 cura
1510 3072 1840 3152 judicabat,
1884 3072 2120 3133 laudem
2143 3071 2301 3132 hanc
2339 3074 2614 3133 Terentio

426 3172 677 3232 cessisse
704 3171 913 3230 merito
940 3168 1303 3250 pronuntiat.
1386 3168 1485 3229 Sic
1513 3168 1669 3227 enim
1699 3168 1776 3227 ad
1800 3168 2095 3228 Atticum:
2143 3173 2161 3202 ‘
2181 3168 2612 3239 Secutussum3

426 3286 547 3327 non
572 3267 706 3327 dico
736 3265 1081 3335 Caecilium3
1128 3272 1145 3299 ⁶
1166 3265 1349 3324 Mane
1370 3275 1443 3321 ut
1468 3282 1543 3323 ex
1562 3272 1737 3343 portu
1755 3261 1814 3321 in
1839 3261 2124 3322 Piraeeum
2143 3282 2163 3322 t
2182 3261 2200 3288 '
2239 3262 2430 3321 malus
2453 3264 2611 3322 enim

427 3363 755 3423 Latinitatis
783 3372 988 3423 auctor
1015 3372 1141 3421 est:
1186 3360 1295 3420 sed
1322 3360 1683 3432 Terentium,
1719 3358 1890 3437 cujus
1917 3358 2200 3431 Fabella»,
2228 3368 2463 3437 propter
2489 3358 2614 3417 ele·

428 3460 688 3536 gantiam
711 3457 1021 3531 sermonis,
1044 3457 1405 3536 putabantur
1432 3474 1469 3514 a
1496 3454 1676 3514 Laelio
1697 3453 1907 3513 scribi:

591 3603 733 3662 Heri
760 3602 985 3683 aliquot
1010 3599 1439 3663 adolescentuli
1466 3601 1688 3661 coimus
1719 3599 1779 3657 in
1805 3576 2140 3657 Piroeeum?

431 3750 509 3809 Et
536 3747 773 3807 Servius
808 3746 1159 3824 proprietate
1206 3746 1415 3807 ceteris
1458 3743 1838 3824 praepositum
1888 3739 2048 3800 hunc
2077 3744 2264 3798 notat.
2347 3737 2511 3797 Idem
2539 3738 2615 3801 de

430 3842 759 3913 sententiis,
808 3858 958 3920 quas
1007 3838 1258 3900 διανοίας
1298 3847 1535 3912 vocant,
1580 3837 1834 3917 judicari
1878 3844 2097 3913 potest.
2181 3833 2404 3892 Omnes
2457 3833 2616 3893 enim

428 3941 551 4001 fere
578 3937 775 3998 Plauti
803 3947 865 3997 et
908 3939 1197 4014 θυμελικαὶ
1244 3946 1403 4007 sunt,
1453 3942 1515 3993 et
1560 3934 1636 3992 ab
1687 3950 1800 3991 usu
1851 3931 2084 4001 alienoe,
2133 3926 2342 4008 quales
2389 3928 2613 4005 passim

426 4036 626 4097 habet.
711 4030 983 4112 Inprimis
1012 4048 1144 4090 cum
1192 4028 1640 4109 philosophatur
1665 4030 1758 4087 καὶ
1785 4031 2160 4105 γνωμοτυποῖ.
2244 4022 2325 4081 Ut
2353 4039 2529 4082 ecce:

586 4190 868 4248 Insanum
896 4195 991 4247 est
1014 4146 1255 4258 malum,
1280 4182 1341 4240 in
1369 4180 1690 4261 hospitium
1716 4176 1924 4239 divorti
1947 4173 2025 4235 ad
2055 4170 2426 4253 Cupidinem.
