3234 4934
1049 424 1150 473 os
1195 422 1478 473 un‘rms
1519 424 2063 477 'runnu-ranis.
2516 412 2651 481 245

715 628 828 688 DE
855 624 1159 686 METRIS
1189 624 1278 685 IN
1305 624 1618 685 LINGUA
1646 624 1975 685 NOSTRA
2004 622 2385 685 USITATIS.

546 754 857 814 Enimvero
882 770 990 832 par
1016 762 1079 813 et
1103 770 1339 830 aequum
1383 760 1497 825 est,
1538 762 1606 812 nt
1648 753 1897 813 eandem
1944 753 2175 814 veniam
2221 753 2508 815 veteribus
2540 754 2651 815 La·

465 852 603 911 tinis
632 850 860 921 demus,
907 868 1085 929 quam
1122 846 1423 907 hodiernis
1465 848 1565 927 qui
1595 848 1844 925 Anglice
1876 851 2136 910 scribunt
2161 850 2350 929 poetis
2375 848 2652 909 concedi-

465 966 596 1006 mus
621 967 638 1007 ε
683 964 931 1025 quorum
956 962 1129 1004 nemo
1156 952 1270 1014 est,
1297 944 1392 1001 cui
1421 962 1538 1001 non
1570 939 1969 1023 indulgemus,
1995 956 2063 1004 ut
2089 944 2329 1021 syllabis
2355 945 2651 1005 interdum

463 1041 657 1121 longis
704 1051 910 1102 contra
950 1039 1210 1099 indolem
1266 1038 1518 1117 rhythmi
1568 1040 1703 1100 loco
1748 1036 2010 1100 brevium
2060 1051 2277 1100 utatur.
2363 1041 2539 1112 Nam,
2582 1050 2653 1100 ut

463 1137 656 1197 Latini
683 1138 879 1197 omnia
905 1146 1222 1196 metrorum
1251 1152 1468 1213 genera
1483 1134 1560 1193 de
1587 1134 1818 1195 Graecis
1846 1146 2219 1215 acceperunt,
2245 1136 2329 1197 ita
2355 1145 2649 1196 nostrates

461 1252 571 1293 sua
617 1232 692 1293 de
721 1233 965 1291 Latinis.
1049 1232 1186 1300 Quo
1233 1226 1422 1309 magis
1466 1242 1560 1292 est
1606 1230 1929 1291 dolendum
1977 1240 2156 1310 atque
2200 1230 2649 1311 indignandum,

451 1329 578 1407 jam
621 1346 658 1388 a
683 1327 866 1387 literis
905 1328 1124 1387 renatis
1163 1344 1377 1405 pueros
1405 1326 1715 1405 ⁴,ingenuos
1762 1325 1838 1387 ad
1887 1325 2201 1407 dactylica,
2247 1325 2409 1404 quod
2458 1345 2648 1405 genus

457 1424 650 1505 patria
675 1423 883 1501 lingua
922 1441 1044 1482 non
1085 1422 1311 1500 recipit,
1356 1421 1696 1493 ediscenda,
1743 1423 1932 1485 ferula
1958 1422 2296 1501 sentinaque
2322 1422 2497 1501 cogi:
2538 1420 2651 1481 Te·

457 1519 726 1579 rentiana
752 1536 886 1577 vero
913 1524 1118 1588 metra,
1162 1536 1295 1594 quae
1346 1515 1501 1576 domi
1550 1527 1751 1577 tamen
1792 1527 1854 1577 et
1894 1520 1955 1577 in
1981 1518 2168 1579 triviis
2194 1518 2511 1578 inscientes
2532 1516 2649 1597 ipsi

455 1614 769 1685 cantitant,
811 1611 1225 1691 magistrorum
1273 1610 1453 1689 culpa
1499 1612 1737 1691 penitus
1784 1612 2076 1691 ignorare.
2158 1614 2515 1675 Trochaicus
2561 1623 2649 1674 te·

455 1718 768 1769 trametrus
795 1706 1195 1781 catalecticus,
1219 1716 1288 1767 ut
1311 1706 1605 1783 Terentio,
1635 1708 1721 1770 ita
1745 1710 2107 1771 nostratibus
2132 1709 2646 1791 frequentissimus

452 1815 585 1866 est:

579 1920 715 1985 'Ego
732 1914 846 1971 ills(
842 1922 1076 1985 agrestis,
1103 1920 1116 1987 Ι
1143 1921 1345 1985 saevus,
1380 1923 1564 1986 tristis,
1591 1922 1602 1989 Ι
1632 1924 1833 1989 parcus,
1866 1925 2103 1976 truculen
2130 1923 2141 1991 Ι
2170 1926 2272 1989 niu,
2303 1930 2478 1975 tenax.

585 2000 784 2065 Hippy
807 2002 851 2050 is
871 2001 959 2051 the
985 2001 996 2067 Ι
1024 2002 1244 2065 country
1265 2001 1356 2051 life
1379 2002 1515 2055 blest
1543 2002 1555 2069 Ι
1583 2004 1709 2055 with
1730 2010 1950 2055 content
1970 2004 2104 2069 good
2131 2004 2143 2071 Ι
2167 2005 2347 2055 health
2367 2005 2451 2054 an·
2472 2018 2611 2056 ease.

457 2111 576 2181 Qui
603 2109 960 2184 trochaicus,
987 2109 1160 2171 unius
1206 2108 1452 2189 syllabae
1501 2111 1865 2185 accessione,
1904 2113 2007 2173 flet
2047 2112 2332 2172 iambicus
2372 2120 2645 2174 tetrame-

447 2218 574 2267 trus
602 2206 852 2286 plenus:

448 2329 638 2381 'lhrice
657 2328 832 2393 happy
853 2326 897 2379 is
924 2325 935 2393 Ι
963 2326 1053 2378 the
1074 2325 1294 2391 country
1314 2324 1406 2375 life
1433 2323 1444 2392 Ι
1471 2326 1607 2377 blest
1624 2326 1747 2377 with
1771 2333 1985 2380 content
2009 2327 2021 2395 Ι
2048 2328 2184 2393 good
2202 2328 2381 2379 benith
2400 2327 2485 2377 an’
2505 2342 2642 2379 ease.

455 2451 613 2519 Quin
641 2460 702 2511 et
728 2450 1011 2511 iambicus
1039 2449 1140 2510 ille
1167 2451 1579 2524 καταληκτικὸε,
1606 2450 1883 2511 Terentio
1900 2450 2148 2511 multum
2166 2460 2229 2510 et
2252 2450 2459 2511 merito
2486 2470 2644 2510 ama·

453 2554 571 2619 tus,
601 2544 760 2625 apud
787 2555 1024 2607 nostros
1052 2564 1288 2625 quoque
1314 2545 1376 2604 in
1404 2565 1623 2625 magna
1651 2546 1843 2626 gratia
1868 2556 1998 2617 est:

513 2674 650 2725 Nam
673 2672 718 2723 si
739 2673 895 2723 remit
931 2670 944 2737 Ι
972 2678 1087 2723 tent
1109 2672 1374 2737 quippiam
1531 2724 1540 2739 ι
1634 2672 1647 2738 Ι
1674 2672 2029 2724 Philumenam
2222 2670 2237 2737 Ι
2262 2670 2487 2735 dolores,

513 2753 568 2804 Is
599 2752 840 2817 decently
931 2750 944 2818 Ι
972 2766 1063 2802 rnn
1086 2750 1304 2815 through
1319 2752 1407 2802 the
1423 2752 1604 2817 lunga:
1634 2750 1647 2817 Ι
1673 2752 1794 2803 And
1812 2752 2194 2805 there'sanend
2222 2752 2234 2819 Ι
2261 2753 2313 2804 ο’
2335 2754 2509 2819 Bully.

453 2868 662 2948 Neque
689 2885 828 2926 vero
853 2862 1212 2925 bacchiacus
1241 2864 1497 2925 Terentii
1527 2864 1747 2924 nostris
1774 2864 2034 2925 intactus
2063 2877 2196 2926 est:
2244 2914 2255 2925 .

575 2970 762 3028 Adhuc
780 2974 857 3025 Ar
883 2973 894 3039 Ι
921 2974 1086 3037 chylls
1108 2989 1226 3039 qun
1249 2990 1306 3024 as
1333 2973 1345 3040 Ι
1371 2974 1540 3024 solent
1560 2990 1780 3040 qnaeqne
1809 2976 1820 3042 Ι
1847 2976 2073 3039 oportet.

575 3055 664 3108 All
675 3054 773 3120 joy
794 3060 851 3106 to
877 3053 889 3120 Ι
916 3061 1068 3118 great
1089 3052 1284 3104 Caesar
1309 3053 1320 3120 Ι
1348 3054 1470 3118 long
1487 3054 1600 3119 life,
1617 3057 1733 3105 love
1760 3056 1771 3121 Ι
1800 3056 1901 3105 and
1924 3056 2177 3119 pleisure.

449 3170 746 3232 Creticum
773 3168 902 3248 ejus
931 3186 1168 3248 quoque
1193 3166 1400 3248 lingua
1429 3177 1634 3231 nostra
1660 3168 1936 3229 facillime
1964 3166 2256 3235 admittitz

571 3298 748 3349 Tanta
769 3310 833 3347 ve
959 3293 972 3361 Ι
997 3294 1176 3345 cordia
1195 3294 1248 3345 in
1362 3293 1375 3360 Ι
1401 3294 1526 3345 nata
1545 3293 1630 3344 cni
1834 3288 1843 3295 '
1914 3291 1925 3357 Ι
1956 3308 2107 3359 quam
2132 3293 2188 3342 tit
2212 3291 2326 3343 siet.

445 3384 468 3405 ¹·
567 3378 638 3429 ‘0
663 3380 751 3430 the
767 3384 932 3430 meet
957 3376 970 3444 Ι
996 3378 1218 3442 country
1239 3375 1332 3427 life
1347 3364 1370 3443 Ἰ
1395 3369 1683 3427 blest'with
1703 3375 1878 3427 health
1906 3374 1917 3441 Ι
1943 3374 2105 3439 peace
2128 3374 2211 3424 an·
2236 3386 2376 3424 ease.

447 3491 720 3570 Denique
747 3499 810 3551 et
835 3487 983 3550 illud
1013 3499 1282 3561 metrum,
1315 3486 1474 3567 quod
1504 3486 1560 3546 in
1607 3486 1791 3567 epicis
1828 3497 1890 3547 et
1916 3486 2165 3550 heroicis
2187 3487 2311 3566 jam
2341 3484 2442 3547 diu
2472 3484 2633 3564 apud

443 3570 739 3646 nostrates
781 3603 1028 3663 regnum
1067 3584 1315 3655 obtinet,
1360 3585 1434 3643 ab
1477 3583 1726 3645 iambico
1753 3584 2033 3643 Veterum
2060 3584 2290 3643 senario
2317 3580 2629 3663 profluxit:

443 3680 796 3742 necessitate
824 3680 1046 3759 lingum
1090 3690 1332 3753 nostroe,
1362 3698 1496 3759 quse
1544 3690 1673 3740 tota
1715 3678 2136 3759 monosyllabis
2173 3690 2411 3740 scatens
2440 3698 2632 3739 caesu·

443 3795 569 3839 ram
598 3774 810 3838 senarii
836 3793 966 3834 raro
996 3773 1274 3847 admittit,
1303 3776 1607 3855 quinarius
1636 3776 1829 3836 factus
1860 3795 1877 3835 τ

697 3902 912 3966 Thongb
932 3899 1088 3966 deep,
1107 3905 1200 3966 yet
1214 3902 1386 3965 clean-3
1415 3900 1427 3966 Ι
1454 3902 1648 3967 though
1672 3901 1869 3967 gentle,
1900 3907 1993 3966 yet
2015 3909 2107 3952 not
2129 3902 2256 3951 dull.

447 4018 604 4079 Huic
631 4016 692 4077 in
719 4017 838 4076 fine
865 4025 1096 4077 sextum
1122 4012 1380 4075 iambum
1409 4033 1682 4098 appones
1731 4026 1793 4078 et
1838 4015 2133 4095 extemplo
2179 4012 2423 4073 habebis
2452 4026 2624 4071 sena.

439 4114 586 4174 rium
612 4112 1026 4173 Terentianum
1057 4128 1074 4170 ε

631 4222 850 4289 'l'hongh
870 4219 1023 4286 deep,
1043 4227 1134 4287 yet
1153 4220 1311 4284 clear,
1331 4222 1522 4286 though
1549 4220 1560 4287 Ι
1587 4222 1783 4286 gentle,
1799 4226 1893 4288 yet
1911 4228 2005 4272 not
2024 4216 2171 4285 dnlly
2192 4217 2333 4271 οἱον.
