3234 4934
607 375 696 442 48
743 423 768 448 .
1137 391 1233 440 nn
1281 390 1688 439 'rama-‚nm
1740 391 1829 438 ΒΤ
1876 391 2249 440 connium.

609 543 833 614 togata,
861 540 965 592 aut
996 533 1344 606 tabernaria,
1393 543 1494 592 aut
1522 531 1799 604 atellana,
1846 541 1949 592 aut
1992 533 2224 603 mimus,
2273 541 2377 592 aut
2404 531 2776 608 Rhintonica,

611 639 714 688 aut
734 626 1090 708 planipedia.
1147 626 1493 706 Planipedia
1519 637 1715 687 autem
1732 626 1909 700 dicta,
1940 629 2017 687 ob
2044 627 2428 688 humilitatem
2456 630 2782 708 argumenti

608 724 756 804 ejus,
785 743 856 782 ac
883 722 1163 783 vilitatem
1191 733 1475 796 actorum,
1502 723 1604 802 qui
1632 742 1751 783 non
1778 723 2067 784 cothurno
2094 735 2199 782 aut
2226 741 2400 785 socco
2438 733 2681 784 utuntur
2717 724 2778 782 in

607 838 809 891 scena,
837 828 939 878 aut
963 818 1210 898 pulpito,
1238 818 1346 878 sed
1374 818 1553 898 plano
1581 818 1772 898 pede:
1830 819 1924 878 vel
1950 819 2085 880 ideo
2110 819 2271 898 quod
2299 841 2417 879 non
2445 839 2517 880 ea
2543 821 2781 899 negotia

606 915 889 985 continet,
909 933 1050 991 quoe
1076 931 1452 991 personarum
1480 914 1541 972 in
1567 914 1821 974 turribus
1845 914 2027 974 autin
2048 916 2367 976 coenaculis
2392 915 2780 975 habitantium

609 1021 768 1082 sunt,
799 1008 905 1068 sed
933 1010 993 1066 in
1019 1008 1199 1086 plano
1227 1020 1288 1067 et
1306 1008 1509 1067 humili
1541 1009 1692 1069 loco.
1755 1007 2063 1069 Personati
2092 1011 2259 1089 primi
2289 1011 2483 1090 egisse
2504 1009 2782 1069 dicuntur

609 1105 970 1167 Comoediam
1001 1103 1239 1163 Cincius
1267 1113 1328 1164 et
1365 1104 1671 1164 Faliscus:
1713 1103 2085 1184 Tragoediam
2129 1106 2418 1166 Minutius
2445 1118 2505 1166 et
2531 1104 2781 1165 Protho-

605 1202 816 1266 nius.²³
900 1200 1176 1259 Omnium
1221 1209 1417 1259 autem
1461 1197 1878 1259 comoediarum
1920 1201 2140 1278 scripta
2186 1220 2261 1260 ex
2307 1211 2558 1280 quatuor
2604 1201 2777 1259 rebus

605 1298 846 1358 omnino
893 1304 1235 1362 sumunturg
1301 1294 1554 1366 nomine,
1610 1292 1766 1364 loco,
1821 1294 2005 1368 fact0,
2052 1307 2287 1356 eventu.
2388 1296 2660 1368 Nomine,
2713 1306 2781 1354 ut

607 1391 903 1464 Phormio,
933 1390 1187 1469 Hecyra,
1230 1388 1541 1468 Gurgulio,
1581 1387 1885 1467 Epidicus·
1970 1389 2147 1465 Loco,
2191 1401 2261 1452 ut
2284 1392 2529 1465 Andria,
2558 1392 2780 1452 Leuca·

606 1489 726 1561 dia,
753 1485 1149 1548 Brundusina.
1211 1483 1414 1556 Facto,
1434 1493 1501 1542 ut
1521 1481 1865 1555 Eunuchus,
1894 1483 2188 1559 Asinaria,
2210 1475 2465 1567 Captii'ri.
2526 1487 2779 1562 Eventu,

607 1582 1091 1652 CommorienteS,
1159 1579 1436 1660 Adelphi,
1510 1580 2220 1641 Heautontimorumenos.
2345 1583 2780 1643 comoediarum

605 1681 808 1741 formoe
838 1688 978 1738 sunt
1005 1687 1146 1737 treS.
1203 1676 1496 1749 Palliatae,
1535 1674 1814 1734 Graecum
1839 1673 2104 1736 habitum
2125 1677 2417 1737 ferentem
2459 1696 2608 1756 quae
2632 1697 2779 1736 non-

603 1775 751 1837 nulli
805 1773 1160 1835 tabernarias
1213 1782 1449 1832 vocant.
1558 1772 1825 1851 Togatae,
1870 1771 2045 1849 juxta
2096 1772 2339 1833 formam
2397 1791 2781 1852 personarum

603 1871 868 1934 habitum
899 1879 1164 1948 togarum
1193 1867 1614 1929 desiderantes.
1697 1866 2010 1942 Atellani»,
2040 1869 2261 1930 salibus
2290 1881 2352 1929 et
2364 1869 2518 1950 jocis
2540 1887 2779 1949 compo-

605 1969 756 2039 sitae,
812 1986 946 2044 quae
999 1965 1058 2023 in
1117 1983 1180 2024 ee
1228 1983 1348 2023 non
1399 1963 1639 2035 habent,
1694 1962 1807 2022 nisi
1860 1973 2153 2024 vetustam
2204 1963 2581 2044 elegantiam.
2662 1964 2780 2023 Co-

603 2062 820 2122 moedia
858 2072 1052 2120 autem
1101 2058 1374 2118 dividitur
1422 2059 1481 2117 in
1533 2070 1787 2138 quatuor
1833 2070 2066 2140 partes:
2124 2061 2449 2141 prologum,
2496 2059 2781 2140 protasin,

605 2157 877 2236 epitasin,
931 2156 1367 2235 catastrophen.
1477 2153 1773 2236 Prologus
1820 2167 1915 2216 eet
1966 2159 2155 2237 prima
2210 2158 2411 2230 dictio,
2462 2175 2499 2216 a
2554 2155 2783 2218 Graecis

605 2251 767 2313 dicta
832 2253 1181 2328 aepdkoyosss⁴
1239 2251 1299 2310 id
1347 2260 1462 2325 eet,
1519 2252 1879 2312 antecedens
1945 2273 2143 2313 veram
2208 2254 2425 2312 fabulae
2490 2251 2782 2331 composi-

605 2351 822 2409 tionem
863 2347 1137 2407 elocutiO.
1239 2347 1384 2424 Ejus
1426 2349 1657 2426 species
1705 2357 1959 2426 quatuor
1999 2359 2171 2408 sunt:
2241 2347 2579 2418 συστατικὸς,
2619 2365 2781 2408 com-

603 2442 983 2504 mendatitius
1014 2461 1031 2498 ι
1112 2460 1231 2521 quo
1301 2441 1504 2500 fabula
1564 2442 1659 2502 vel
1723 2444 1901 2522 poeta
1960 2443 2435 2512 commendatum
2514 2447 2781 2524 ἅναφορι-

605 2537 761 2610 κόε,”
802 2538 1118 2598 relativus:
1160 2557 1278 2616 quo
1307 2548 1410 2596 aut
1446 2537 1780 2597 adversario
1809 2538 2142 2612 maledicta,
2181 2549 2283 2599 aut
2310 2538 2515 2619 gratiae
2564 2539 2782 2620 populo

603 2635 960 2701 referuntur3
1003 2629 1390 2705 ὑποθετικόε,’6
1433 2633 1934 2712 argumentativus
1976 2634 2194 2695 fabuloe
2240 2643 2649 2716 argumentum
2681 2655 2781 2695 ex-

603 2747 864 2809 ponens;
905 2727 1111 2806 μικτὸς,
1137 2727 1386 2788 mistus:
1429 2729 1630 2788 omnia
1672 2729 1805 2789 haic
1835 2729 1894 2787 in
1946 2750 2011 2790 se
2033 2731 2365 2790 continens,
2449 2731 2608 2789 Inter
2646 2749 2782 2810 pro-

601 2824 805 2903 logum
833 2835 894 2884 et
918 2824 1248 2902 prologium
1294 2820 1530 2903 quidam
1551 2815 1671 2884 'hoc
1719 2825 2003 2886 interesse
2034 2825 2378 2886 voluerunt:
2422 2819 2561 2905 quia
2586 2823 2780 2905 prolo-

601 2939 715 2999 gus
743 2929 838 2980 est
865 2919 1025 2978 velut
1049 2909 1315 2998 praefatio
1343 2920 1615 2999 quaedam
1645 2921 1884 2994 fabulum,
1924 2922 1983 2982 in
2012 2941 2133 3002 quo
2160 2921 2289 2983 solo
2318 2921 2544 2981 scilicet
2568 2929 2782 3000 praeter

601 3023 1030 3094 argumentum,
1085 3013 1308 3094 aliquid
1351 3015 1430 3076 ad
1490 3015 1769 3096 populum
1820 3018 1915 3079 vel
1957 3039 2031 3078 ex
2090 3020 2288 3098 po'eta,
2335 3015 2429 3080 vel
2478 3036 2551 3078 ex
2596 3016 2781 3094 ipsius

591 3095 838 3182 Yabuloe,
866 3110 960 3170 vel
989 3109 1203 3170 actoris
1231 3109 1541 3170 commodo
1568 3112 1848 3190 loquitur.
1914 3114 2253 3191 Prologium
2282 3101 2477 3171 autem
2506 3120 2618 3184 eat,
2645 3129 2779 3171 cum

597 3215 830 3264 tantum
859 3204 935 3264 de
963 3213 1308 3282 argumento
1336 3203 1570 3264 dicitur.
1654 3203 1921 3264 Protesis
1949 3215 2043 3266 est
2068 3199 2287 3285 primus
2326 3217 2494 3266 actus
2523 3205 2797 3264 initium-.

601 3319 718 3378 que
755 3297 1057 3371 dramatis,
1083 3309 1202 3378 qu'o
1247 3317 1384 3378 pars
1427 3300 1759 3378 argumenti
1804 3299 2147 3380 explicatur,
2196 3321 2335 3380 pare
2382 3301 2657 3360 reticetur
2702 3299 2781 3360 ad

599 3391 804 3472 populi
836 3393 1300 3470 expectationem
1331 3392 1671 3455 tenendam.
1754 3391 2007 3476 Epitaais
2048 3404 2144 3455 est
2184 3393 2605 3457 incrementum
2648 3416 2780 3475 pro-

599 3506 924 3565 cessusque
952 3488 1273 3559 turbarum,
1292 3506 1362 3548 ac
1384 3488 1586 3564 totius,
1616 3501 1683 3551 nt
1704 3491 1789 3552 ita
1816 3485 2086 3565 dixerim,
2104 3493 2295 3552 nodus
2317 3493 2545 3552 erroris.
2599 3492 2780 3552 Cata-

603 3581 838 3662 etrophe
868 3591 970 3640 est‘
990 3583 1298 3642 conversio
1341 3602 1533 3643 rerum
1562 3575 1639 3646 ad
1669 3585 1965 3664 jocundos
1994 3587 2208 3660 exime,
2251 3588 2549 3666 patefacta
2595 3608 2779 3650 cunc·

601 3678 680 3738 tis
722 3674 1058 3756 cognitione
1110 3685 1427 3756 gestorum.
1511 3679 1581 3739 In
1628 3679 1924 3762 plerisque
1973 3683 2185 3742 fabulis
2234 3683 2490 3762 ipsarum
2542 3685 2780 3744 nomina

598 3774 792 3856 priora
815 3774 1204 3853 ponebantur,
1231 3793 1407 3853 quam
1435 3777 1741 3855 poetarum
1765 3796 1781 3836 :
1824 3778 1884 3836 in
1913 3777 2213 3838 nonnullis
2240 3779 2568 3859 poetarum,
2597 3800 2775 3858 quam

665 3952 728 3999 1⁸
784 3949 1025 3999 Minucius
1075 3955 1125 4000 et
1181 3951 1491 4015 Ρνοίλοιιίω]
1543 3952 1650 4002 Ma.
1792 3961 1853 4005 15
1874 3955 2193 4020 Ἀκφορυὼῇ
2223 3957 2326 4007 Me.
2350 3954 2679 4016 hemminch.
2700 3955 2779 4004 Id.

599 4023 844 4075 Minuta·
863 4031 912 4076 et
937 4027 1223 4077 Protkim.
1246 4026 1329 4079 Id.
1794 4034 1858 4080 16
1869 4029 2181 4096 Ὗπσοηυὼς]
2203 4031 2306 4081 Me.
2325 4031 2613 4094 δραματικός.
2644 4030 2775 4083 Quo

668 4103 726 4147 14
752 4100 900 4150 Dicta
919 4100 1173 4167 πρόλογος]
1199 4104 1303 4154 Ma.
1326 4104 1454 4154 «ficta
1474 4109 1653 4170 τρῧνος
1726 4120 1845 4155 mox
1864 4114 2165 4172 sequuntur,
2196 4121 2261 4155 ex
2301 4107 2628 4157 collectaneis
2650 4107 2779 4171 regii

599 4171 757 4233 λῦγος.
787 4175 867 4225 Id.
1726 4183 2037 4245 exemplaris
2056 4183 2327 4233 immutata
2346 4188 2481 4233 sunt.
2504 4182 2581 4232 Id.
