3234 4934
1039 388 1138 436 nn
1184 385 1462 437 narnis
1507 386 2057 436 marturum&
2500 374 2636 441 249

449 526 647 603 hodie,
676 528 882 607 lingua
897 526 1250 607 jamdudum
1279 538 1564 601 emortua,
1601 528 1775 589 facile
1808 527 2187 589 conceditur:
2239 528 2353 588 nisi
2394 530 2633 610 culpam

451 628 582 707 quis
611 624 988 685 defendendo
1017 625 1220 686 fecerit
1244 624 1542 703 majorem.
2634 678 2640 685 .

451 760 462 765 -
533 725 830 794 Ceterum,
867 721 986 794 abi,
1033 720 1214 795 domi,
1260 720 1404 792 redi,
1448 718 1598 789 dari,
1634 738 1799 798 roga,
1840 719 2008 799 jube,
2055 728 2209 791 tace,
2252 720 2408 795 vide,
2451 730 2511 781 et
2553 722 2637 781 si-

449 818 656 897 quaid
683 836 872 897 genus
912 818 1030 878 alia
1075 836 1211 897 qum
1255 815 1521 877 ultimam
1563 816 1801 875 brevem
1845 813 2085 887 habent,
2120 815 2215 874 vix
2242 826 2333 875 est
2359 826 2426 877 ut
2452 817 2639 877 licen-

447 925 534 974 ter
561 912 748 985 dicas,
791 912 901 973 sed
941 912 1202 993 legitime
1251 912 1504 992 corripi3
1545 930 1681 971 cum
1710 921 1936 972 veteres
1965 911 2115 993 epici
2142 911 2297 971 idem
2316 913 2420 993 jus
2460 932 2635 974 usur-

446 1009 731 1087 paverint.

529 1102 803 1163 Similiter
831 1104 906 1165 de
935 1105 1087 1165 crasi
1108 1122 1390 1174 censeas3
1421 1122 1543 1186 qua
1569 1102 1705 1163 duee
1732 1104 1990 1177 vocales,
2018 1122 2262 1183 quarum
2279 1124 2398 1164 una
2416 1105 2633 1178 brevis,

444 1198 500 1257 in
553 1216 732 1258 unam
775 1200 1241 1260 contrahuntur:
1283 1209 1372 1272 ut,
1420 1198 1546 1273 diu,
1595 1199 1813 1271 Deum,
1860 1200 2140 1272 Deorum,
2188 1218 2402 1271 meum,
2440 1210 2631 1271 tuum,

444 1312 638 1366 suum,
672 1313 957 1368 meorum,
999 1300 1112 1355 &c.
1158 1295 1288 1368 suit,
1333 1294 1514 1354 fuisse
1537 1314 1556 1353 τ
1594 1294 1751 1368 haec,
1792 1304 1855 1353 et
1894 1295 2068 1374 siqua
2109 1293 2465 1373 hujusmodi,
2495 1294 2632 1375 jure

444 1390 675 1467 quoties
703 1390 925 1451 vellent
973 1390 1401 1451 contrahebant
1443 1378 1693 1457 comici:
1747 1390 1887 1467 quia
1925 1388 2081 1448 idem
2129 1390 2309 1468 epicis
2341 1388 2444 1466 jus
2484 1401 2635 1450 erat.

449 1485 670 1544 Durius
699 1485 941 1565 quidem
969 1486 1330 1547 nostratibus
1359 1494 1595 1557 sonant,
1620 1482 1817 1563 hujus,
1845 1484 2037 1563 cujus,
2084 1483 2234 1561 ejus,
2274 1503 2450 1556 novo,
2498 1484 2635 1557 levi,

445 1577 509 1636 in
537 1598 716 1639 unam
743 1580 1393 1661 syllabam-contractet
1436 1582 1656 1641 verum‘
1679 1578 1743 1638 id
1784 1598 1855 1639 eo
1895 1580 2110 1651 evenit,
2133 1578 2293 1657 quod
2322 1598 2431 1638 nos
2459 1578 2637 1641 bodie

445 1673 1088 1754 malepronuntiemus.
1172 1677 1394 1737 Notum
1421 1674 1578 1735 enim
1605 1685 1701 1735 est
1726 1675 1991 1746 eruditis,
2034 1684 2430 1735 consonantes
2458 1674 2477 1733 i
2504 1686 2567 1733 et
2594 1688 2635 1735 u

443 1769 605 1848 apud
635 1770 875 1833 Latinos
906 1772 1114 1832 eodem
1164 1772 1352 1833 fuisse
1399 1788 1550 1831 sono
1590 1782 1653 1830 et
1678 1780 1996 1851 potestate,
2031 1789 2153 1851 quo
2197 1770 2375 1829 bodie
2403 1790 2443 1851 y
2470 1780 2530 1829 et
2556 1790 2631 1829 w.

442 1863 798 1928 Pronunties
826 1867 1026 1945 igitur,
1051 1886 1260 1947 cuynn,
1303 1885 1496 1939 nowo,
1539 1865 1693 1938 lewi,
1738 1876 1800 1926 et
1838 1867 2069 1927 mollior
2109 1866 2209 1925 fiet
2254 1866 2459 1927 erasis.
2542 1866 2638 1925 Ita

446 1959 690 2031 Noster,
709 1970 848 2033 twa,
875 1979 1018 2031 swa,
1047 1960 1508 2041 grandyuscula,
1551 1959 1951 2039 stellyonino3
2001 1960 2179 2039 plane
2225 1972 2293 2019 ut
2330 1960 2635 2040 Virgilius,

445 2052 681 2134 stellyo‚
711 2057 941 2136 abyete,
967 2059 1110 2117 &c.-
1168 2054 1390 2116 Eadem
1418 2055 1664 2128 ratione,
1708 2074 1865 2125 cum,
1894 2055 2045 2134 jam,
2088 2054 2379 2125 efferrent,
2428 2066 2497 2113 ut
2523 2073 2635 2115 nos

445 2148 644 2225 hodie,
671 2168 807 2229 yam
829 2169 848 2217 3
889 2152 950 2209 in
977 2150 1129 2211 duas
1157 2148 1418 2231 syllabas
1446 2169 1553 2230 pro
1588 2149 1779 2211 lubitu
1808 2149 2229 2223 dissolvebant,
2258 2158 2275 2187 ‘
2293 2168 2453 2209 nunc
2476 2150 2637 2209 iam?

447 2244 724 2303 Ceterum
751 2244 812 2304 in
839 2244 954 2306 hac
981 2244 1259 2318 editione,
1279 2247 1381 2305 ubi
1407 2246 1527 2305 iam
1564 2243 1901 2325 disyllabon
1924 2256 2038 2318 est,
2064 2255 2305 2305 notatur
2332 2244 2593 2321 diaeresis
2618 2264 2635 2313 3

444 2348 526 2411 et‚'
552 2338 744 2411 cuius,
773 2338 970 2413 buius,
997 2339 1147 2414 eius,
1176 2342 1278 2401 ubi
1305 2340 1718 2420 monosyllaba
1740 2350 1901 2415 sunt,
1930 2346 2107 2420 super
2132 2341 2397 2403 i'habent
2425 2360 2637 2401 acoen-

445 2446 602 2505 tum3
631 2436 734 2497 ubi
757 2435 1074 2518 disyllaba,
1101 2456 1277 2517 super
1296 2458 1340 2497 u
1369 2446 1431 2498 et
1457 2458 1528 2506 e3
1558 2436 1751 2516 cujus,
1777 2437 1977 2517 hujus,
2004 2434 2173 2517 ejus..

529 2530 648 2602 Εἰὶ,
671 2532 792 2601 xcii,
821 2531 1001 2613 speii,‘
1032 2532 1362 2612 priore'per
1389 2532 1616 2592 ectasin
1644 2530 1956 2611 producta,
1982 2536 2111 2592 non'
2130 2530 2401 2611 indigent
2423 2532 2635 2602 venia3

447 2643 584 2685 cum
612 2624 916 2687 Lucretius
943 2626 1161 2705 aliique.
1177 2627 1316 2687 olim
1332 2624 1482 2709 epici
1509 2624 1666 2686 idem
1685 2625 1947 2687 fecerint.
2032 2628 2101 2687 In
2126 2636 2329 2689 nostra
2352 2627 2635 2703 editione,

446 2738 580 2783 cum
602 2720 1027 2801 producuntur,
1053 2720 1291 2801 duplice
1320 2720 1341 2779 i
1369 2720 1721 2781 scribuntur.

449 2854 482 2883 ,-
511 2816 740 2897 -Neque
769 2816 917 2878 illud
945 2818 1096 2878 inter
1133 2817 1404 2878 licentias
1431 2836 1725 2891 numeres,
1748 2835 1885 2877 cum
1912 2818 2142 2879 Comici
2172 2836 2201 2877 s
2222 2818 2397 2881 finale
2426 2818 2485 2877 in
2514 2820 2638 2899 syl·

447 2911 586 2973 laba
597 2914 794 2985 brevi,
817 2924 1104 2992 sequente
1121 2918 1751 2991 tamen.consonante,·
1769 2930 2195 2993 nonnunquam
2220 2912 2519 2992 abjiciunt,
2546 2924 2635 2986 ut,

445 2992 636 3081 tristi',¹
659 3006 996 3068 famelicu’:
1034 3006 1508 3086 siquidmuidem
1535 3007 1681 3083 facit
1704 3008 1925 3085 passim
1953 3007 2278 3069 Lucretius.
2330 3008 2636 3071 ,Ceterum

445 3100 608 3181 quod
633 3121 744 3164 nos
779 3101 1024 3182 quidam
1059 3102 1308 3177 docent,
1351 3112 1415 3163 et
1450 3103 1514 3161 in
1559 3098 1791 3183 syllaba
1815 3102 1994 3182 longa
2023 3102 2148 3163 hoc
2162 3102 2353 3165 solere
2380 3097 2527 3175 fier‘i,
2574 3112 2637 3164 et

447 3208 732 3277 sequente
770 3196 982 3268 vocali,
1026 3208 1088 3258 et
1136 3208 1322 3259 totam
1367 3197 1544 3258 etiam
1593 3196 1883 3277 syllabam
1922 3216 2059 3259 cum
2096 3216 2127 3257 s
2175 3217 2335 3277 saepe
2362 3199 2639 3273 resecari,

444 3293 726 3353 falluntur
753 3303 818 3353 et
855 3292 1092 3355 fallunt.
1177 3294 1272 3367 In,
1311 3292 1679 3363 consimilist,
1720 3312 1769 3352 a·
1795 3294 1986 3375 priore
2021 3292 2185 3365 nihil,
2223 3294 2333 3353 sed
2380 3295 2479 3368 ab,
2520 3304 2635 3367 est,

443 3388 664 3466 yocalis
691 3398 1032 3458 resecatur-3
1075 3389 1248 3462 utin,
1275 3389 1552 3471 palamst,
1591 3400 1985 3451 necessumst.
2065 3388 2431 3451 Multimodis
2472 3389 2635 3471 apud

447 3484 730 3544 Nostrum
755 3504 876 3544 non
904 3484 1136 3546 divisim
1160 3484 1417 3559 effertur,
1461 3485 1651 3547 multi’
1697 3485 1927 3555 modis3
1980 3485 2091 3546 sed
2136 3505 2250 3546 vox
2283 3505 2405 3547 una
2429 3496 2522 3549 est
2546 3495 2635 3561 ut,

447 3580 835 3641 omnimodis:
877 3590 938 3641 et
967 3580 1270 3642 Lucretius
1295 3578 1546 3662 utraq'ue
1571 3584 1771 3643 utitur.

527 3672 689 3744 Quin
713 3682 794 3743 et,
825 3672 924 3732 ubi
951 3675 1313 3755 synaloephae
1341 3677 1430 3737 vis
1446 3688 1665 3750 cessat,
1686 3685 1748 3736 et
1774 3677 1866 3737 vel
1890 3674 2111 3737 vocalis
2140 3676 2431 3757 quoepiam
2453 3677 2546 3736 vel
2574 3696 2635 3737 m

445 3769 654 3830 finales
683 3787 803 3827 non
831 3766 1149 3846 eliduntur,
1178 3770 1364 3833 altera
1387 3772 1580 3833 vocali
1608 3792 1713 3832 eas
1740 3772 2069 3851 excipiente
2085 3792 2103 3841 3
2150 3790 2225 3832 ne
2252 3772 2369 3832 hoc
2396 3769 2635 3849 quidem

445 3866 506 3925 in
533 3862 786 3929 licentiis
807 3882 996 3945 ponas
1022 3883 1039 3925 ε
1085 3864 1285 3944 qualia
1310 3867 1427 3926 ista
1454 3874 1516 3929 et
1538 3867 1711 3950 plura
1748 3865 1904 3947 apud
1934 3850 2219 3927 Nostrum
2244 3887 2259 3927 :
2303 3885 2506 3925 omnes
2534 3864 2638 3946 qui

448 3970 670 4034 amant,
698 3958 792 4019 me
819 3969 881 4019 et
915 3970 1114 4035 oetate3
1142 3958 1216 4021 ne
1247 3962 1347 4021 ubi
1375 3962 1721 4045 acceperim,
1762 3960 1917 4043 quae
1957 3970 2084 4021 erat
2110 3973 2360 4033 mortua,
2398 3978 2517 4021 una
2552 3960 2638 4021 ire

447 4058 582 4117 cum
611 4055 822 4129 amica,
849 4054 990 4115 dum
1018 4055 1078 4116 id
1107 4056 1347 4131 efficias,
1391 4059 1633 4139 quicum
1676 4076 1797 4117 uno
1846 4054 1969 4117 rem
2008 4055 2315 4116 habebam.
2399 4055 2631 4135 Quippe

447 4165 506 4219 et
525 4152 693 4234 epici,
721 4150 1042 4235 Lucretius,
1065 4151 1367 4233 Virgilius,
1397 4153 1676 4219 Horatius
1696 4151 1906 4219 eodem
1933 4150 2113 4215 modo
2142 4150 2201 4213 in
2231 4150 2629 4215 hexametris:
