3234 4934
679 393 946 445 JoAcn.
993 392 1492 445 cAMssnAfflus
1542 368 1643 441 ΒΕ
1686 394 1987 443 conticis
2036 396 2422 446 vensisus.
2515 384 2642 453 167

995 652 1479 719 JOACHIMI
1527 652 2083 720 CAMERARII

807 840 918 899 DE
985 840 1329 901 COMICIS
1392 840 1792 900 VERSIBUS
1860 840 2274 901 DIATRIBA.

451 1018 552 1082 Ds
580 1018 798 1081 Plauto
825 1020 1184 1083 Fabularum
1210 1022 1452 1083 istarum
1480 1031 1723 1082 auctore
1748 1040 1941 1101 pauca
1970 1020 2185 1096 dican,
2236 1023 2293 1081 in
2347 1022 2545 1102 primis
2574 1032 2644 1091 ut

447 1126 683 1176 constet
705 1136 828 1196 quo
853 1128 1116 1197 tempore
1160 1118 1384 1178 vixerit.
1472 1117 1653 1177 Hunc
1696 1116 1951 1179 incidere
1998 1118 2060 1175 in
2104 1127 2340 1179 aetatem
2371 1118 2640 1190 Catonis,

445 1231 565 1288 quo
611 1224 674 1273 et
716 1212 846 1292 ipso
889 1233 1136 1275 censore
1171 1224 1466 1275 mortuum
1491 1234 1649 1285 esse,
1696 1212 1928 1292 scripsit
1955 1212 2187 1287 Cicero,
2234 1225 2371 1275 ante
2401 1233 2464 1275 se
2495 1216 2640 1276 Cos.

453 1308 588 1367 160.
637 1307 834 1379 annis,
879 1310 995 1369 hoc
1037 1319 1148 1380 est,
1199 1310 1274 1369 ab
1325 1310 1399 1368 U.
1430 1308 1502 1369 C.
1547 1308 1781 1369 circiter
1829 1308 1909 1369 D.
1937 1310 2006 1370 Ρ.
2038 1309 2315 1382 Claudio,
2344 1310 2411 1369 L.
2439 1309 2641 1372 Portio

447 1403 622 1463 Coss.
651 1404 842 1483 Cujus
870 1404 1085 1477 oetatis,
1113 1404 1174 1463 in
1203 1423 1381 1483 quam
1413 1404 1655 1463 Naevius
1684 1423 1921 1483 quoque
1949 1404 2288 1477 includitur,
2321 1406 2639 1486 participes

444 1498 607 1559 fuere
634 1500 790 1561 ultra
817 1501 1077 1579 citraque
1105 1500 1356 1574 Ennius,
1385 1499 1684 1573 Coecilius,
1716 1500 2033 1573 Pacuvius,
2059 1502 2387 1563 Terentius.
2448 1501 2639 1561 Pacu-

445 1595 602 1655 vium
629 1596 864 1674 quidem
893 1616 966 1657 ae
991 1596 1296 1657 Caecilium
1345 1596 1499 1657 male
1548 1599 1805 1669 locutos,
1854 1599 2063 1659 Cicero
2108 1599 2211 1659 ait.
2294 1597 2549 1658 Ennium
2578 1610 2641 1657 et

445 1690 504 1749 N
507 1693 716 1751 aevium
745 1695 974 1774 probat.
1059 1694 1179 1755 Sed
1207 1705 1410 1755 nostro
1441 1694 1641 1755 studio
1669 1694 1909 1756 relictus
1936 1704 2031 1755 est
2056 1694 2305 1754 Plautus
2332 1704 2395 1753 et
2419 1694 2639 1755 Teren·-

441 1788 558 1849 tius
589 1798 838 1851 tantum.
923 1792 1019 1851 De
1066 1790 1159 1851 his
1205 1790 1386 1871 igitur
1425 1786 1689 1870 petenda
1733 1791 1919 1851 forma
1956 1790 2183 1850 Latinae
2212 1788 2550 1860 locutionis,
2578 1801 2641 1851 et

443 1886 828 1947 sternendum
855 1890 1027 1966 quasi
1069 1888 1284 1960 solum,
1324 1907 1500 1968 super
1525 1906 1647 1965 quo
1676 1888 1861 1947 oratio
1888 1888 2047 1947 bona
2072 1896 2133 1945 et
2160 1886 2401 1957 diserta,
2445 1886 2636 1945 verbis

443 1990 506 2039 et
543 1983 851 2043 sententiis
889 1993 1026 2063 apte
1065 1994 1408 2045 constructa
1453 1983 1799 2043 collocetur.
1884 1984 1940 2041 N
1944 2003 2022 2042 on
2064 1983 2221 2043 enirn
2264 1982 2635 2062 compositio,

442 2095 635 2155 neque
663 2077 846 2139 veluti
872 2078 1188 2140 edificatio
1219 2079 1414 2158 qualis
1441 2096 1574 2141 esse
1611 2078 1829 2139 debeat
1876 2080 2053 2148 illius,
2099 2078 2237 2139 hinc
2265 2080 2547 2157 cognosci
2574 2091 2639 2141 et

442 2171 591 2232 disci
619 2184 835 2254 potest.
920 2176 1110 2236 Etiam
1141 2175 1446 2236 munditiae
1473 2184 1536 2235 et
1560 2174 1757 2245 nitori,
1794 2184 1876 2247 et,
1904 2183 1972 2233 ut
1997 2174 2083 2233 ita
2108 2173 2322 2245 dicam,
2352 2175 2635 2237 innocen·

440 2270 540 2329 tiae
568 2288 640 2331 ac
667 2269 990 2350 integritati
1018 2272 1300 2331 sermonis
1329 2271 1651 2350 antiquitas
1680 2270 1883 2343 officit,
1928 2290 2063 2331 cum
2089 2271 2229 2349 quia
2254 2271 2515 2333 omnium
2544 2291 2635 2330 re·

439 2384 566 2427 rum
593 2377 689 2427 est
715 2386 826 2427 sua
849 2367 1172 2429 elaboratio
1213 2377 1278 2428 et
1323 2368 1653 2448 perpolitio,
1702 2386 1839 2446 quae
1887 2366 2171 2445 perfectio
2219 2366 2633 2439 existimanda,

439 2472 566 2522 tum
605 2463 769 2542 quod
817 2464 1078 2525 studium
1129 2464 1443 2544 elegantia
1483 2473 1552 2525 ut
1593 2465 1655 2523 in
1682 2464 1826 2536 vita,
1854 2463 1941 2524 sic
1971 2483 2239 2525 sermone
2266 2482 2503 2543 quoque
2532 2464 2634 2523 illa

439 2577 560 2627 non
587 2560 913 2639 usurpavit.
993 2561 1370 2641 Quapropter
1393 2560 1751 2640 posteriores
1794 2559 1855 2619 in
1904 2578 2171 2619 sermone
2197 2560 2455 2639 priorum
2484 2580 2633 2621 non·-

438 2654 604 2715 nulla
629 2666 932 2719 mutarunt
957 2658 1358 2729 emendantes,
1403 2657 1650 2718 formam
1676 2667 1837 2717 certe
1874 2656 2307 2736 componendo,
2350 2667 2414 2717 et
2458 2658 2633 2736 quasi

439 2753 914 2832 coagmentando
957 2764 1136 2835 atque
1179 2753 1658 2816 reconcinnando
1702 2751 2087 2813 reddiderunt
2129 2764 2191 2814 et
2236 2752 2631 2831 pulchriorem

437 2861 500 2909 et
527 2849 846 2913 meliorem.
931 2852 1079 2913 Haec
1118 2852 1246 2930 jam
1288 2851 1393 2911 illa
1417 2861 1512 2912 est
1537 2861 1703 2911 certa
1729 2860 1790 2909 et
1814 2860 2121 2920 constans,
2163 2858 2345 2926 atque
2368 2848 2629 2909 omniurn

438 2945 784 3005 eruditionis
831 2961 1009 3026 atque
1055 2950 1340 3007 bonarum
1388 2948 1598 3007 artium
1626 2945 1977 3024 cupidorum
2004 2944 2314 3007 imitationi
2341 2942 2473 3005 sola
2495 2962 2631 3023 pro-

438 3041 656 3119 posita,
684 3042 1012 3114 Ciceronis,
1043 3052 1105 3101 et
1131 3060 1329 3101 eorum
1359 3042 1458 3119 qui
1489 3052 1664 3100 aetate
1692 3040 1796 3098 illa
1822 3042 2125 3099 vixerunt:
2171 3039 2277 3097 sed
2308 3039 2628 3109 Ciceronis,

439 3148 508 3197 ut
548 3138 827 3217 principis
875 3146 939 3197 et
980 3136 1234 3197 auctoris
1281 3136 1506 3196 Latinae
1535 3135 1779 3215 ling-use,
1830 3132 1905 3193 de
1934 3152 2054 3213 quo
2084 3132 2219 3192 alibi
2246 3130 2628 3192 disseruimus

437 3235 758 3314 copiosius,
799 3253 936 3293 cum
963 3246 1172 3294 contra
1212 3233 1664 3314 reprehensores
1714 3229 1887 3309 hujus
1936 3228 2118 3289 studii
2170 3227 2627 3308 disputaremus-

439 3330 590 3391 Haec
617 3342 814 3393 autem
841 3330 942 3409 qui
969 3330 1351 3412 perspexerit,
1392 3328 1454 3389 in
1484 3326 1775 3388 Plautinis
1804 3335 1867 3387 et
1891 3324 2256 3386 Terentianis
2286 3324 2517 3403 scriptis
2544 3325 2629 3383 ita

435 3427 783 3500 versabitur,
810 3438 879 3488 ut
903 3428 1077 3508 quasi
1106 3428 1406 3489 materiam
1436 3424 1721 3485 orationis
1747 3425 1944 3494 bonae,
1993 3429 2073 3493 et,
2124 3421 2172 3481 si
2216 3422 2305 3479 sas
2335 3421 2504 3481 nobis
2534 3432 2629 3481 est

439 3521 654 3596 dicere,
695 3526 1046 3604 eloquentiae
1093 3525 1318 3585 Latinoe
1361 3524 1436 3585 ab
1478 3523 1594 3583 illis
1644 3530 1860 3593 sumat,
1900 3538 2093 3598 neque
2142 3518 2202 3576 in
2253 3517 2487 3578 delectu
2534 3518 2623 3577 vel

437 3620 869 3681 verborum-vel
889 3623 1208 3705 figurarum
1231 3620 1522 3683 sermonis
1547 3616 2023 3680 hallucinabitur.
2090 3612 2209 3676 Sed
2236 3614 2313 3673 de
2340 3612 2453 3673 hoc
2470 3614 2627 3693 jam-

437 3710 659 3773 dudum
691 3713 857 3773 satis.
942 3716 1036 3777 De
1063 3718 1288 3779 comico
1314 3729 1514 3777 autern
1539 3714 1801 3776 carmine
1826 3712 1939 3773 etsi
1986 3710 2085 3771 alii
2131 3711 2438 3789 scripsere,
2490 3728 2623 3787 qum

437 3815 499 3868 et
525 3807 882 3886 magnifacio
909 3820 973 3869 et
995 3812 1199 3886 probo,
1237 3822 1436 3871 tamen
1483 3820 1688 3871 nostro
1726 3827 1965 3888 quoqne
1992 3805 2192 3867 studio
2218 3805 2488 3865 existimo
2518 3803 2625 3863 ad-

431 3903 556 3963 hue
583 3904 698 3964 loci
725 3904 950 3983 aliquid
991 3905 1255 3965 relictum
1280 3926 1432 3969 esse.
1515 3908 1669 3966 Cum
1696 3924 1790 3966 res
1816 3905 1921 3965 illa
1940 3903 2183 3983 quidem
2208 3901 2495 3981 ejusmodi
2526 3900 2623 3973 sit,

429 4011 505 4060 ,ιιι
531 4000 764 4079 penitus
783 4002 1221 4081 comprehendi,
1248 4013 1311 4065 et
1327 4004 1584 4065 omnium
1611 4003 1787 4063 etiam
1808 4000 2119 4081 diligentia
2136 3999 2307 4079 quasi
2328 3995 2623 4059 enucleari

435 4096 528 4157 his
557 4098 915 4178 temporibus
957 4118 1334 4179 nequaquam
1374 4118 1552 4180 posse
1595 4098 1883 4159 videatur.
1963 4097 2099 4166 Quo
2128 4103 2321 4154 autem
2350 4102 2443 4152 est
2470 4091 2623 4151 diffi-

437 4193 600 4253 cilior
625 4194 810 4270 labor,
851 4216 924 4258 eo
951 4196 1318 4259 assiduitatis
1342 4198 1677 4278 plusculum
1706 4197 1767 4257 in
1795 4191 2147 4272 vestigando
2174 4188 2437 4253 adhiberi
2478 4208 2621 4250 con-
