3234 4934
1391 439 1667 489 Rhoan
1716 440 2079 491 vss‘rBRUM

1069 642 1335 722 Cicero,
1366 642 1450 708 de
1481 644 1740 727 optimo
1770 662 2005 727 genere
2038 652 2395 711 oratorum.

729 762 809 827 Iu
837 782 906 827 re
933 760 1109 845 quod
1141 760 1460 844 optimum
1505 762 1596 825 sit
1638 764 1994 847 quaeritur:
2040 763 2109 827 in
2138 762 2517 829 hominibus
2563 764 2828 842 dicitur,

641 866 823 949 quod
843 872 967 929 est.
1056 860 1300 945 Itaque
1329 863 1490 927 licet
1510 860 1755 941 dicere,
1785 872 1855 931 et
1884 860 2174 929 Ennium
2204 882 2533 929 summum
2560 866 2827 949 epicum

637 964 923 1050 poetam,
952 964 1012 1029 si
1041 964 1155 1029 cni
1182 966 1279 1029 ita
1307 963 1611 1046 videtum
1658 972 1728 1031 et
1757 966 2132 1032 Pacuvium
2175 968 2537 1049 tragicum3
2581 973 2647 1033 et
2675 966 2827 1034 Coe-

640 1152 708 1204 de
727 1162 902 1205 nostro
929 1157 1082 1219 poeta
1111 1154 1386 1218 excidisse,
1418 1170 1534 1222 qnae
1557 1156 1697 1206 nullo

639 1230 792 1279 modo
821 1231 1052 1295 defendi,
1073 1248 1135 1281 sc
1157 1248 1221 1283 ne
1244 1233 1456 1283 tolersri
1489 1232 1695 1297 quidem

637 1314 874 1374 possunt.

703 1382 838 1431 Illud
888 1383 1094 1449 quidem
1138 1384 1364 1433 libenter
1431 1381 1695 1444 sumimus,

639 1458 777 1522 quod
810 1459 877 1508 de
901 1458 1099 1521 judicio
1129 1460 1306 1523 populi
1331 1458 1558 1508 fateturt
1593 1472 1695 1521 quo

639 1535 841 1584 etiamsi
865 1543 1160 1597 superatum
1185 1550 1298 1585 esse
1321 1536 1490 1597 legum
1513 1550 1545 1583 s
1571 1534 1693 1583 Pini-

637 1610 840 1659 lemone
880 1605 1240 1672 Menandrum,
1261 1609 1485 1659 nondum
1520 1618 1693 1659 tumen

635 1681 760 1733 ideo
785 1684 1074 1734 Menandro
1108 1685 1272 1747 major
1307 1693 1385 1734 est
1405 1684 1694 1735 Philemon.

638 1762 819 1811 Debet
842 1762 996 1819 euim,
1021 1762 1071 1811 ni
1105 1762 1276 1824 fallor,
1309 1762 1525 1812 eruditis
1556 1763 1695 1813 idem

636 1835 821 1895 licere,
853 1835 992 1899 quod
1029 1836 1250 1899 populo:
1286 1844 1344 1885 ut
1379 1836 1461 1886 hic
1483 1835 1695 1901 quidem

637 1923 738 1975 pro
760 1924 852 1959 suo
873 1916 1051 1975 captu,
1065 1911 1139 1959 ilii
1160 1924 1252 1974 pro
1273 1910 1482 1974 ingenio
1498 1918 1557 1961 et
1572 1911 1695 1962 doc·

640 1987 780 2035 trina
800 1986 1110 2036 seutentiam
1133 1984 1320 2037 ferunt.
1353 1986 1429 2037 At
1449 1987 1584 2036 euim
1610 2001 1698 2052 po-

637 2060 748 2125 puli
758 2060 962 2125 judicio
979 2056 1067 2111 bic
1085 2062 1321 2111 standum
1357 2070 1468 2113 est:
1504 2065 1700 2127 populo

637 2134 898 2187 dabuntur
920 2128 1139 2197 fabulum
1174 2144 1230 2187 et
1261 2136 1304 2185 is
1335 2138 1356 2165 '‘
1377 2151 1481 2186 non
1507 2138 1575 2187 ud
1597 2138 1701 2190 dis-

638 2210 856 2261 cendam
894 2212 1139 2261 sermonis
1164 2211 1440 2275 puritatem
1474 2226 1538 2262 eo
1578 2226 1700 2263 con·

637 2283 856 2348 fluebat,
888 2286 980 2337 sed
1003 2285 1068 2336 sd
1090 2286 1313 2336 animum
1338 2288 1443 2335 risu
1468 2300 1530 2338 sc
1551 2284 1697 2350 jocis

638 2362 971 2411 relaxandum
998 2360 1029 2409 τ’
1081 2377 1197 2425 qua
1246 2360 1493 2419 Scaligeri
1538 2362 1698 2411 verba

637 2442 774 2497 suut.
839 2434 942 2485 Sed
981 2432 1220 2497 περιεργία
1241 2434 1418 2497 populi
1437 2448 1540 2484 non
1556 2436 1697 2487 tollit

637 2510 824 2560 artium
879 2508 1139 2557 instituta.
1221 2509 1440 2559 Quando
1481 2510 1535 2559 iu
1581 2508 1695 2561 foro

641 2598 760 2633 reus
783 2590 1055 2634 accusatur
1087 2599 1147 2633 sc
1181 2582 1497 2648 defenditur,
1532 2599 1695 2650 popu·

635 2656 719 2709 lus
741 2673 844 2708 non
861 2656 1079 2708 confluit
1101 2658 1166 2707 ed
1181 2658 1478 2709 discendum
1501 2674 1695 2709 sermo-

635 2734 718 2784 nis
734 2734 915 2797 elegsu
923 2733 1044 2781 tiam
1067 2748 1083 2793 ς
1108 2747 1274 2797 neque
1297 2739 1578 2797 propterea
1595 2748 1696 2785 non

633 2804 934 2861 laudabitur
946 2808 1160 2871 Orator,
1175 2810 1263 2874 qni
1279 2810 1328 2858 ei
1345 2809 1538 2859 studet.
1560 2810 1697 2860 Con-

637 2881 848 2934 fluxerit
873 2884 1092 2948 populus
1111 2883 1177 2933 ad
1199 2884 1569 2935 'oblectandum
1589 2886 1697 2935 aui-

637 2970 778 3009 mum
803 2958 911 3008 visu
933 2967 987 3008 et
1027 2958 1206 3009 auditu
1239 2972 1409 3009 rerum
1452 2960 1697 3012 ridiculu-

637 3047 753 3085 rum
767 3044 788 3097 ‘3
819 3035 939 3085 huic
956 3034 1212 3085 desiderio
1234 3035 1512 3100 explendo,
1545 3049 1699 3087 nemo

637 3111 823 3175 opinor
836 3110 1004 3162 Poeta
1020 3110 1246 3162 fabulam
1267 3112 1566 3176 scripserit:
1598 3110 1702 3162 his·

639 3186 807 3236 trione
829 3188 965 3235 euim
989 3202 1140 3250 quium
1162 3186 1318 3250 poeta
1350 3187 1557 3249 dignior
1587 3188 1702 3237 liaec

637 3274 797 3324 opera
814 3266 970 3309 esset.
999 3260 1181 3310 Poe'tae
1197 3262 1488 3310 institutum
1506 3260 1571 3310 ad
1587 3261 1701 3324 phi·

641 3334 928 3398 iosophism
950 3342 1158 3397 spectat
1181 3352 1195 3385 :
1229 3341 1384 3399 etque
1430 3337 1480 3387 in
1499 3338 1698 3387 Comoe·

635 3408 733 3459 'dis
769 3409 864 3458 boc
901 3408 1070 3472 ipsum
1114 3409 1245 3471 ugit,
1280 3416 1356 3472 ut,
1387 3410 1508 3459 dum
1547 3418 1699 3474 putat

637 3484 857 3547 populus
872 3482 1118 3533 ludicram
1137 3498 1245 3533 rem
1257 3485 1387 3549 geri,
1405 3500 1581 3535 amore
1596 3487 1698 3537 vir-

641 3565 833 3622 tutum,
876 3558 993 3609 odio
1039 3558 1295 3622 vitiorum,
1349 3576 1565 3627 qun-que
1618 3562 1699 3612 his

639 3631 815 3684 sffinia
836 3638 974 3695 suut,
997 3642 1052 3683 et
1073 3634 1141 3684 sd
1159 3635 1506 3687 emendandos
1527 3652 1697 3689 mores

637 3708 927 3775 pertinent,
951 3708 1228 3760 imbuatur.
1273 3710 1582 3761 Rudioribus
1596 3712 1697 3763 ita·

641 3798 745 3851 que
768 3783 1104 3848 temporibus,
1143 3784 1319 3835 rudius
1360 3786 1458 3837 boc
1492 3786 1697 3844 solebat

639 3860 784 3912 fieri:
817 3862 1100 3926 animisque
1137 3876 1236 3913 nec
1267 3864 1567 3928 compositis
1597 3880 1695 3916 nec

640 3936 864 3987 excultis
909 3936 1104 4002 aliquid
1149 3938 1518 4003 indulgendum
1561 3950 1695 3992 erat.

639 4010 948 4061 Accedeute
975 4010 1195 4075 quodam
1217 4013 1379 4077 cultu,
1411 4021 1471 4064 ut
1503 4015 1555 4064 iu
1589 4030 1699 4066 om-

639 4086 791 4136 nibus
814 4085 1113 4136 civitatibus
1137 4087 1202 4137 ab
1223 4086 1504 4138 inconditis
1543 4092 1697 4140 mori-

643 4158 742 4209 bus
788 4160 852 4211 ud
895 4162 1082 4224 gradus
1119 4162 1364 4227 quosdam
1410 4162 1697 4229 discipline

641 4235 963 4299 proceditur,
998 4238 1387 4303 temperandum
1411 4246 1523 4292 erat
1556 4243 1699 4307 quic-

1776 1154 1901 1223 quid
1934 1157 2145 1209 nimium
2170 1158 2479 1219 videbunt-3
2512 1154 2747 1207 invitatis
2772 1158 2829 1206 et

1777 1233 1981 1297 placide
1998 1234 2253 1284 traductis
2284 1234 2352 1285 sd
2382 1234 2607 1285 rectiora
2628 1230 2827 1293 animis,

1778 1315 1835 1358 ut
1852 1310 2175 1373 voluptatem
2198 1310 2419 1371 noujsm
2455 1324 2519 1357 ex
2560 1308 2671 1358 solo
2703 1305 2831 1361 risu,

1776 1379 1914 1448 quod
1954 1382 2445 1447 imperitissimorum
2484 1390 2585 1447 est,
2628 1380 2720 1431 sed
2762 1394 2829 1430 ex

1774 1458 2148 1508 cousuetudine
2174 1460 2295 1510 vitae
2316 1458 2637 1522 fortuneque
2654 1458 2829 1505 liumu-

1770 1547 1873 1594 nae,
1897 1534 2121 1597 eleganti
2144 1548 2315 1583 rerum
2330 1539 2481 1584 textu
2504 1547 2565 1582 uc
2582 1544 2831 1582 consecu-

1770 1608 1915 1657 tione
1946 1623 2042 1670 per
2077 1606 2414 1659 imitationem
2436 1620 2701 1671 expresse,
2730 1604 2829 1655 sibi

1772 1682 2050 1746 petendam
2078 1682 2399 1746 judicarent.
2462 1684 2629 1733 Quum
2664 1681 2829 1744 ipsun

1774 1772 1883 1808 rem
1905 1770 2021 1807 cum
2045 1758 2308 1809 Comoedis
2337 1758 2486 1809 Nova
2508 1756 2607 1806 sibi
2644 1768 2829 1819 propo·

1771 1834 1980 1896 suisset,
1999 1833 2213 1883 eliorum
2236 1834 2491 1883 industria
2512 1845 2638 1882 sune
2661 1828 2830 1895 profe-

1772 1910 1942 1972 cerit;
1972 1918 2117 1959 certe
2150 1910 2309 1959 solius
2348 1908 2587 1959 Terentii
2626 1906 2833 1971 ingenio

1776 1985 1841 2035 sd
1866 1984 2126 2046 fastigium
2150 1982 2400 2035 ascendit.
2464 1984 2519 2033 Si
2539 1982 2697 2045 igitur
2709 1978 2831 2031 Vol·

1778 2060 1944 2111 catius
1969 2058 2230 2125 Sedigitas
2252 2056 2320 2110 de
2337 2056 2561 2110 Cornicis
2575 2054 2832 2121 judicium

1777 2136 1918 2187 ferre
1932 2135 2114 2199 voluit,
2133 2150 2229 2186 cur
2250 2143 2357 2186 tsm
2374 2131 2579 2185 diversa
2596 2132 2833 2184 miscuit?

1781 2210 1885 2259 Cur
1908 2202 2150 2260 Plautum
2172 2217 2228 2260 et
2266 2211 2393 2260 alios
2432 2210 2552 2260 ideo
2588 2208 2836 2274 pretulit,

1778 2283 1916 2345 quod
1938 2284 2053 2347 plus
2078 2284 2147 2334 de
2168 2284 2390 2348 antiqua
2426 2282 2705 2334 Comoediae
2745 2296 2833 2347 ge·

1776 2356 1863 2407 nio
1884 2356 2175 2418 referrent3
2208 2372 2302 2407 cur
2324 2358 2533 2422 populo,
2550 2357 2704 2406 etism
2728 2356 2837 2404 cul-

1777 2430 1895 2481 tiori
1928 2434 2122 2482 soeculo
2142 2432 2279 2483 haud
2312 2448 2454 2497 agre
2489 2432 2554 2483 sd
2589 2430 2838 2482 solutiore

1777 2506 2090 2572 respicienti,
2148 2508 2384 2559 sdulstus
2442 2508 2638 2574 potius,
2678 2520 2836 2572 quam

1776 2579 2003 2636 Poeseos
2018 2585 2280 2647 instituto,
2296 2592 2351 2635 et
2366 2582 2619 2636 doc'trinae
2637 2584 2837 2647 legibus

1776 2658 2054 2709 obsecutus
2076 2658 2192 2709 est?
2253 2658 2359 2709 Sed
2390 2659 2657 2709 mittamus
2690 2656 2835 2706 Sedi-

1778 2734 1981 2799 gitumi
2015 2736 2104 2799 qui
2128 2742 2301 2785 tamen
2335 2734 2543 2785 errsudi
2570 2730 2836 2799 Scaligero

1777 2816 1962 2859 auctor
2000 2808 2135 2859 fuit:
2170 2824 2309 2873 usm,
2344 2816 2404 2860 ut
2437 2810 2549 2873 ejus
2577 2808 2834 2873 judicium

1776 2884 2107 2949 defenderet,
2137 2901 2228 2936 suo
2266 2901 2371 2936 uon
2408 2886 2541 2937 bene
2578 2899 2701 2935 usus
2735 2888 2838 2933 est.

1778 2958 1910 3013 Quis
1932 2962 2065 3011 euim
2090 2978 2242 3027 porro
2265 2958 2399 3013 ferst
2422 2960 2554 3012 ists?
2616 2962 2633 2990 ⁴
2654 2958 2728 3011 At
2752 2974 2835 3008 res

1779 3044 2032 3100 putentur
2047 3038 2195 3103 ipse,
2220 3034 2459 3103 profecto
2484 3036 2835 3101 languidiores

1780 3120 1930 3162 erunt
1952 3113 2277 3164 Terentiano
2298 3113 2332 3161 ε’
2356 3130 2508 3179 quam
2523 3112 2658 3177 apud
2678 3112 2835 3162 Plau-

1782 3191 1893 3233 tum
1925 3186 2128 3236 scilicet
2160 3187 2411 3252 aliosque.
2479 3189 2607 3239 Quis
2629 3188 2831 3237 demum

1778 3256 1867 3308 ille
1889 3260 2144 3325 languor?
2176 3262 2221 3311 si
2242 3262 2409 3312 omnis
2447 3262 2703 3319 excutias,
2736 3261 2832 3311 boc

1777 3335 2053 3386 dicendum
2076 3336 2262 3387 fuerit}
2296 3339 2427 3389 Quae
2450 3352 2533 3386 res
2557 3338 2608 3385 in
2632 3338 2833 3387 Comm-

1776 3409 1862 3460 dls
1884 3410 1959 3461 itu
1980 3410 2307 3475 exhibentur,
2329 3420 2387 3461 ut
2401 3411 2565 3461 minus
2589 3419 2834 3477 captetur

1780 3486 1931 3549 risus,
1972 3500 2138 3551 neque
2160 3485 2295 3550 jocis
2334 3494 2391 3537 et
2428 3484 2634 3537 facetiis
2666 3487 2836 3537 omnis

1777 3561 2109 3626 impleantur,
2150 3561 2255 3611 illae
2296 3561 2647 3626 languidiores
2698 3568 2833 3613 suut.

1776 3636 2055 3701 Nunquam
2088 3637 2295 3687 tulisset
2326 3638 2413 3688 ille
2448 3639 2688 3703 princeps
2723 3638 2834 3689 Cri-

1776 3710 1992 3761 ticorum
2004 3725 2153 3777 oequo
2167 3714 2356 3777 animo,
2369 3714 2413 3764 si
2430 3714 2695 3779 quisquam
2702 3713 2832 3763 slius

1776 3786 2159 3852 pronuntinsset
2180 3788 2550 3854 languidiorem
2569 3802 2681 3838 esse
2696 3786 2831 3839 Ροδ-

1774 3862 1873 3927 siu,
1903 3862 1993 3913 ubi
2014 3864 2291 3927 retinetur,
2322 3865 2459 3930 quod
2481 3872 2563 3914 est
2594 3860 2834 3913 difficilli-

1773 3952 1932 4002 mum,
1954 3937 2048 3988 sed
2070 3938 2238 3989 Poeta·
2257 3948 2499 3991 sccursto
2518 3939 2745 4005 dignum,
2765 3954 2831 3991 ex

1776 4013 2037 4065 bilai-itate
2055 4015 2249 4066 modus.
2314 4016 2489 4067 Quid?
2518 4016 2652 4083 quod
2679 4016 2833 4065 urbs·

1778 4090 1961 4141 uitatis
1981 4092 2201 4143 eruditae
2212 4105 2271 4141 uc
2293 4090 2588 4143 festivitatis
2610 4091 2831 4143 artificio

1778 4166 1970 4215 nemini
2024 4167 2167 4217 cedit
2218 4168 2505 4218 Terentius.
2600 4168 2827 4219 Tantum

1777 4244 1931 4295 obest
1950 4244 2140 4296 rstioui
2160 4247 2467 4310 suctoritss,
2488 4246 2571 4297 cui
2592 4252 2645 4297 te
2668 4246 2830 4297 semel
