<?xml version="1.0" encoding="UTF-8"?>
<!DOCTYPE html PUBLIC "-//W3C//DTD XHTML 1.0 Transitional//EN"
    "http://www.w3.org/TR/xhtml1/DTD/xhtml1-transitional.dtd">
<html xmlns="http://www.w3.org/1999/xhtml" xml:lang="en" lang="en">
 <head>
  <title>
</title>
<meta http-equiv="Content-Type" content="text/html;charset=utf-8" />
  <meta name='ocr-system' content='tesseract 3.04.00' />
  <meta name='ocr-capabilities' content='ocr_page ocr_carea ocr_par ocr_line ocrx_word'/>
</head>
<body>
  <div class='ocr_page' id='page_1' title='image "./comoedisex10westgoog_0084.png"; bbox 0 0 3234 4934; ppageno 0'>
   <div class='ocr_carea' id='block_1_1' title="bbox 631 411 1996 480">
    <p class='ocr_par' dir='ltr' id='par_1_1' title="bbox 631 411 1996 480">
     <span class='ocr_line' id='line_1_1' title="bbox 631 411 1996 480; baseline 0.002 -6"><span class='ocrx_word' id='word_1_1' title='bbox 631 411 720 480; x_wconf 86' lang='grc'><strong>74</strong></span> <span class='ocrx_word' id='word_1_2' title='bbox 1473 426 1572 475; x_wconf 79' lang='lat' dir='ltr'><strong>ns</strong></span> <span class='ocrx_word' id='word_1_3' title='bbox 1617 427 1996 478; x_wconf 71' lang='lat' dir='ltr'><strong>‘rnen-no.</strong></span> 
     </span>
    </p>
   </div>
   <div class='ocr_carea' id='block_1_2' title="bbox 622 553 2831 3344">
    <p class='ocr_par' dir='ltr' id='par_1_2' title="bbox 622 553 2831 3344">
     <span class='ocr_line' id='line_1_2' title="bbox 629 553 2819 651; baseline 0 -17"><span class='ocrx_word' id='word_1_4' title='bbox 629 574 914 633; x_wconf 86' lang='lat' dir='ltr'><strong>haberent</strong></span> <span class='ocrx_word' id='word_1_5' title='bbox 959 587 1236 648; x_wconf 83' lang='lat' dir='ltr'><strong>magnam</strong></span> <span class='ocrx_word' id='word_1_6' title='bbox 1285 553 1707 630; x_wconf 66' lang='lat' dir='ltr'><strong>salubritatem.</strong></span> <span class='ocrx_word' id='word_1_7' title='bbox 1814 571 2217 651; x_wconf 86' lang='lat' dir='ltr'><strong>Replebantur</strong></span> <span class='ocrx_word' id='word_1_8' title='bbox 2266 590 2522 650; x_wconf 88' lang='lat' dir='ltr'><strong>quoque,</strong></span> <span class='ocrx_word' id='word_1_9' title='bbox 2578 583 2819 634; x_wconf 84' lang='lat' dir='ltr'><strong>auctore</strong></span> 
     </span>
     <span class='ocr_line' id='line_1_3' title="bbox 634 665 2820 746; baseline 0.001 -17"><span class='ocrx_word' id='word_1_10' title='bbox 634 669 850 740; x_wconf 80' lang='lat' dir='ltr'><strong>Plinio,</strong></span> <span class='ocrx_word' id='word_1_11' title='bbox 901 667 1044 727; x_wconf 87' lang='lat' dir='ltr'><strong>flore</strong></span> <span class='ocrx_word' id='word_1_12' title='bbox 1071 665 1228 725; x_wconf 89' lang='lat' dir='ltr'><strong>croci</strong></span> <span class='ocrx_word' id='word_1_13' title='bbox 1265 665 1588 744; x_wconf 78' lang='lat' dir='ltr'><strong>sylvestris,</strong></span> <span class='ocrx_word' id='word_1_14' title='bbox 1638 675 1877 746; x_wconf 85' lang='lat' dir='ltr'><strong>propter</strong></span> <span class='ocrx_word' id='word_1_15' title='bbox 1904 668 2207 728; x_wconf 89' lang='lat' dir='ltr'><strong>oculorum</strong></span> <span class='ocrx_word' id='word_1_16' title='bbox 2238 667 2709 736; x_wconf 84' lang='lat' dir='ltr'><strong>oblectationem,</strong></span> <span class='ocrx_word' id='word_1_17' title='bbox 2754 682 2820 731; x_wconf 90' lang='lat' dir='ltr'><strong>ut</strong></span> 
     </span>
     <span class='ocr_line' id='line_1_4' title="bbox 631 761 2818 846; baseline 0 -22"><span class='ocrx_word' id='word_1_18' title='bbox 631 775 797 846; x_wconf 86' lang='lat' dir='ltr'><strong>puto,</strong></span> <span class='ocrx_word' id='word_1_19' title='bbox 833 763 1022 842; x_wconf 81' lang='lat' dir='ltr'><strong>mag-is</strong></span> <span class='ocrx_word' id='word_1_20' title='bbox 1049 781 1229 841; x_wconf 88' lang='lat' dir='ltr'><strong>quam</strong></span> <span class='ocrx_word' id='word_1_21' title='bbox 1258 761 1336 822; x_wconf 88' lang='lat' dir='ltr'><strong>ad</strong></span> <span class='ocrx_word' id='word_1_22' title='bbox 1363 761 1605 822; x_wconf 85' lang='lat' dir='ltr'><strong>odorem</strong></span> <span class='ocrx_word' id='word_1_23' title='bbox 1634 761 2093 822; x_wconf 87' lang='lat' dir='ltr'><strong>conciliandum.</strong></span> <span class='ocrx_word' id='word_1_24' title='bbox 2178 763 2335 832; x_wconf 88' lang='lat' dir='ltr'><strong>Quin</strong></span> <span class='ocrx_word' id='word_1_25' title='bbox 2366 764 2539 822; x_wconf 85' lang='lat' dir='ltr'><strong>etiam</strong></span> <span class='ocrx_word' id='word_1_26' title='bbox 2569 784 2645 824; x_wconf 89' lang='lat' dir='ltr'><strong>ne</strong></span> <span class='ocrx_word' id='word_1_27' title='bbox 2676 766 2818 826; x_wconf 86' lang='lat' dir='ltr'><strong>solis</strong></span> 
     </span>
     <span class='ocr_line' id='line_1_5' title="bbox 633 857 2815 941; baseline 0.001 -20"><span class='ocrx_word' id='word_1_28' title='bbox 633 861 807 921; x_wconf 88' lang='lat' dir='ltr'><strong>ardor</strong></span> <span class='ocrx_word' id='word_1_29' title='bbox 841 869 946 920; x_wconf 87' lang='lat' dir='ltr'><strong>aut</strong></span> <span class='ocrx_word' id='word_1_30' title='bbox 984 860 1158 920; x_wconf 85' lang='lat' dir='ltr'><strong>etiam</strong></span> <span class='ocrx_word' id='word_1_31' title='bbox 1187 867 1544 936; x_wconf 84' lang='lat' dir='ltr'><strong>conspectus</strong></span> <span class='ocrx_word' id='word_1_32' title='bbox 1591 857 1875 937; x_wconf 86' lang='lat' dir='ltr'><strong>populum</strong></span> <span class='ocrx_word' id='word_1_33' title='bbox 1908 861 1983 918; x_wconf 86' lang='lat' dir='ltr'><strong>ab</strong></span> <span class='ocrx_word' id='word_1_34' title='bbox 2024 860 2217 919; x_wconf 86' lang='lat' dir='ltr'><strong>officio</strong></span> <span class='ocrx_word' id='word_1_35' title='bbox 2248 859 2603 934; x_wconf 81' lang='lat' dir='ltr'><strong>deturbaret,</strong></span> <span class='ocrx_word' id='word_1_36' title='bbox 2636 873 2815 941; x_wconf 89' lang='lat' dir='ltr'><strong>utque</strong></span> 
     </span>
     <span class='ocr_line' id='line_1_6' title="bbox 631 953 2816 1034; baseline 0 -16"><span class='ocrx_word' id='word_1_37' title='bbox 631 957 926 1020; x_wconf 72' lang='lat' dir='ltr'>salubrius</span> <span class='ocrx_word' id='word_1_38' title='bbox 962 963 1324 1034; x_wconf 76' lang='lat' dir='ltr'>spectatores</span> <span class='ocrx_word' id='word_1_39' title='bbox 1361 953 1794 1031; x_wconf 76' lang='lat' dir='ltr'>conspicerent,</span> <span class='ocrx_word' id='word_1_40' title='bbox 1822 957 1983 1030; x_wconf 85' lang='lat' dir='ltr'><strong>(nam</strong></span> <span class='ocrx_word' id='word_1_41' title='bbox 2033 955 2293 1033; x_wconf 86' lang='lat' dir='ltr'><strong>porticus</strong></span> <span class='ocrx_word' id='word_1_42' title='bbox 2326 969 2559 1034; x_wconf 86' lang='lat' dir='ltr'><strong>propter</strong></span> <span class='ocrx_word' id='word_1_43' title='bbox 2602 959 2816 1018; x_wconf 87' lang='lat' dir='ltr'><strong>imbres</strong></span> 
     </span>
     <span class='ocr_line' id='line_1_7' title="bbox 631 1051 2819 1128; baseline -0.001 -12"><span class='ocrx_word' id='word_1_44' title='bbox 631 1065 860 1116; x_wconf 86' lang='lat' dir='ltr'><strong>tantum</strong></span> <span class='ocrx_word' id='word_1_45' title='bbox 889 1053 1199 1114; x_wconf 72' lang='lat' dir='ltr'><strong>aedificatae</strong></span> <span class='ocrx_word' id='word_1_46' title='bbox 1227 1051 1509 1124; x_wconf 82' lang='lat' dir='ltr'><strong>fuerunt,)</strong></span> <span class='ocrx_word' id='word_1_47' title='bbox 1549 1051 1889 1128; x_wconf 77' lang='lat' dir='ltr'><strong>excogitata</strong></span> <span class='ocrx_word' id='word_1_48' title='bbox 1924 1063 2066 1110; x_wconf 84' lang='lat' dir='ltr'><strong>sunt</strong></span> <span class='ocrx_word' id='word_1_49' title='bbox 2093 1051 2247 1111; x_wconf 88' lang='lat' dir='ltr'><strong>Vela</strong></span> <span class='ocrx_word' id='word_1_50' title='bbox 2272 1063 2397 1113; x_wconf 91' lang='lat' dir='ltr'><strong>toto</strong></span> <span class='ocrx_word' id='word_1_51' title='bbox 2424 1052 2699 1126; x_wconf 63' lang='lat' dir='ltr'><strong>Theano,</strong></span> <span class='ocrx_word' id='word_1_52' title='bbox 2728 1070 2819 1114; x_wconf 86' lang='lat' dir='ltr'><strong>at-</strong></span> 
     </span>
     <span class='ocr_line' id='line_1_8' title="bbox 631 1147 2817 1231; baseline -0.002 -18"><span class='ocrx_word' id='word_1_53' title='bbox 631 1173 748 1231; x_wconf 87' lang='lat' dir='ltr'><strong>que</strong></span> <span class='ocrx_word' id='word_1_54' title='bbox 777 1150 926 1212; x_wconf 88' lang='lat' dir='ltr'><strong>adeo</strong></span> <span class='ocrx_word' id='word_1_55' title='bbox 953 1149 1066 1228; x_wconf 85' lang='lat' dir='ltr'><strong>ipsi</strong></span> <span class='ocrx_word' id='word_1_56' title='bbox 1103 1147 1343 1208; x_wconf 89' lang='lat' dir='ltr'><strong>Theatri</strong></span> <span class='ocrx_word' id='word_1_57' title='bbox 1389 1164 1588 1205; x_wconf 75' lang='lat' dir='ltr'><strong>caveae</strong></span> <span class='ocrx_word' id='word_1_58' title='bbox 1640 1156 2009 1226; x_wconf 85' lang='lat' dir='ltr'><strong>supertensa‚</strong></span> <span class='ocrx_word' id='word_1_59' title='bbox 2050 1167 2187 1226; x_wconf 81' lang='lat' dir='ltr'><strong>quse</strong></span> <span class='ocrx_word' id='word_1_60' title='bbox 2234 1151 2661 1227; x_wconf 69' lang='lat' dir='ltr'>spectatoribus</span> <span class='ocrx_word' id='word_1_61' title='bbox 2692 1169 2817 1208; x_wconf 87' lang='lat' dir='ltr'><strong>um·</strong></span> 
     </span>
     <span class='ocr_line' id='line_1_9' title="bbox 631 1240 2814 1330; baseline -0.001 -22"><span class='ocrx_word' id='word_1_62' title='bbox 631 1250 796 1308; x_wconf 87' lang='lat' dir='ltr'><strong>bram</strong></span> <span class='ocrx_word' id='word_1_63' title='bbox 841 1247 1142 1308; x_wconf 80' lang='lat' dir='ltr'><strong>facerent:</strong></span> <span class='ocrx_word' id='word_1_64' title='bbox 1186 1240 1348 1330; x_wconf 87' lang='lat' dir='ltr'><strong>quod</strong></span> <span class='ocrx_word' id='word_1_65' title='bbox 1390 1240 1611 1320; x_wconf 87' lang='lat' dir='ltr'><strong>primus</strong></span> <span class='ocrx_word' id='word_1_66' title='bbox 1658 1243 1917 1301; x_wconf 87' lang='lat' dir='ltr'><strong>omnium</strong></span> <span class='ocrx_word' id='word_1_67' title='bbox 1968 1244 2191 1302; x_wconf 84' lang='lat' dir='ltr'><strong>invenit</strong></span> <span class='ocrx_word' id='word_1_68' title='bbox 2238 1245 2315 1313; x_wconf 88' lang='lat' dir='ltr'><strong>Q.</strong></span> <span class='ocrx_word' id='word_1_69' title='bbox 2360 1245 2631 1317; x_wconf 86' lang='lat' dir='ltr'><strong>Catulus,</strong></span> <span class='ocrx_word' id='word_1_70' title='bbox 2682 1266 2814 1306; x_wconf 87' lang='lat' dir='ltr'><strong>curn</strong></span> 
     </span>
     <span class='ocr_line' id='line_1_10' title="bbox 632 1338 2817 1426; baseline 0 -23"><span class='ocrx_word' id='word_1_71' title='bbox 632 1342 988 1426; x_wconf 79' lang='lat' dir='ltr'><strong>Capitolium</strong></span> <span class='ocrx_word' id='word_1_72' title='bbox 1017 1339 1339 1398; x_wconf 84' lang='lat' dir='ltr'><strong>dedicaret.</strong></span> <span class='ocrx_word' id='word_1_73' title='bbox 1421 1338 1753 1398; x_wconf 85' lang='lat' dir='ltr'><strong>Carbasina</strong></span> <span class='ocrx_word' id='word_1_74' title='bbox 1780 1339 1991 1400; x_wconf 91' lang='lat' dir='ltr'><strong>deinde</strong></span> <span class='ocrx_word' id='word_1_75' title='bbox 2022 1341 2151 1400; x_wconf 84' lang='lat' dir='ltr'><strong>vela</strong></span> <span class='ocrx_word' id='word_1_76' title='bbox 2197 1340 2412 1420; x_wconf 88' lang='lat' dir='ltr'><strong>primus</strong></span> <span class='ocrx_word' id='word_1_77' title='bbox 2458 1343 2516 1400; x_wconf 91' lang='lat' dir='ltr'><strong>in</strong></span> <span class='ocrx_word' id='word_1_78' title='bbox 2562 1343 2817 1404; x_wconf 87' lang='lat' dir='ltr'><strong>Theatro</strong></span> 
     </span>
     <span class='ocr_line' id='line_1_11' title="bbox 629 1433 2821 1515; baseline 0 -16"><span class='ocrx_word' id='word_1_79' title='bbox 629 1441 870 1502; x_wconf 81' lang='lat' dir='ltr'><strong>duxisse</strong></span> <span class='ocrx_word' id='word_1_80' title='bbox 898 1437 1151 1498; x_wconf 81' lang='lat' dir='ltr'><strong>traditur</strong></span> <span class='ocrx_word' id='word_1_81' title='bbox 1179 1433 1460 1495; x_wconf 82' lang='lat' dir='ltr'><strong>Lentulus</strong></span> <span class='ocrx_word' id='word_1_82' title='bbox 1491 1434 1769 1513; x_wconf 84' lang='lat' dir='ltr'>Spinther</span> <span class='ocrx_word' id='word_1_83' title='bbox 1796 1437 2235 1515; x_wconf 80' lang='lat' dir='ltr'><strong>Apollinaribus</strong></span> <span class='ocrx_word' id='word_1_84' title='bbox 2268 1437 2481 1498; x_wconf 82' lang='lat' dir='ltr'><strong>Ludis:</strong></span> <span class='ocrx_word' id='word_1_85' title='bbox 2526 1457 2661 1499; x_wconf 86' lang='lat' dir='ltr'><strong>mox</strong></span> <span class='ocrx_word' id='word_1_86' title='bbox 2708 1441 2821 1514; x_wconf 85' lang='lat' dir='ltr'><strong>(ait</strong></span> 
     </span>
     <span class='ocr_line' id='line_1_12' title="bbox 629 1531 2815 1612; baseline -0.001 -14"><span class='ocrx_word' id='word_1_87' title='bbox 629 1536 882 1612; x_wconf 83' lang='lat' dir='ltr'><strong>Plinius)</strong></span> <span class='ocrx_word' id='word_1_88' title='bbox 925 1534 1128 1592; x_wconf 79' lang='lat' dir='ltr'><strong>Caesar</strong></span> <span class='ocrx_word' id='word_1_89' title='bbox 1173 1531 1444 1590; x_wconf 78' lang='lat' dir='ltr'><strong>Dictator</strong></span> <span class='ocrx_word' id='word_1_90' title='bbox 1487 1538 1679 1590; x_wconf 89' lang='lat' dir='ltr'><strong>totum</strong></span> <span class='ocrx_word' id='word_1_91' title='bbox 1723 1531 1915 1590; x_wconf 84' lang='lat' dir='ltr'><strong>forum</strong></span> <span class='ocrx_word' id='word_1_92' title='bbox 1960 1532 2291 1592; x_wconf 88' lang='lat' dir='ltr'><strong>Romanum</strong></span> <span class='ocrx_word' id='word_1_93' title='bbox 2338 1534 2569 1596; x_wconf 84' lang='lat' dir='ltr'><strong>intexit.</strong></span> <span class='ocrx_word' id='word_1_94' title='bbox 2654 1536 2815 1596; x_wconf 88' lang='lat' dir='ltr'><strong>Nero</strong></span> 
     </span>
     <span class='ocr_line' id='line_1_13' title="bbox 631 1626 2831 1711; baseline 0 -19"><span class='ocrx_word' id='word_1_95' title='bbox 631 1633 838 1692; x_wconf 78' lang='lat' dir='ltr'><strong>Caesar</strong></span> <span class='ocrx_word' id='word_1_96' title='bbox 861 1629 1028 1701; x_wconf 80' lang='lat' dir='ltr'><strong>velis,</strong></span> <span class='ocrx_word' id='word_1_97' title='bbox 1055 1626 1399 1690; x_wconf 88' lang='lat' dir='ltr'><strong>rudentibus</strong></span> <span class='ocrx_word' id='word_1_98' title='bbox 1427 1627 1827 1706; x_wconf 85' lang='lat' dir='ltr'><strong>superstratis,</strong></span> <span class='ocrx_word' id='word_1_99' title='bbox 1850 1639 1915 1687; x_wconf 89' lang='lat' dir='ltr'><strong>et</strong></span> <span class='ocrx_word' id='word_1_100' title='bbox 1938 1628 2135 1688; x_wconf 89' lang='lat' dir='ltr'><strong>colore</strong></span> <span class='ocrx_word' id='word_1_101' title='bbox 2166 1628 2298 1690; x_wconf 84' lang='lat' dir='ltr'><strong>coeli</strong></span> <span class='ocrx_word' id='word_1_102' title='bbox 2328 1629 2549 1697; x_wconf 89' lang='lat' dir='ltr'><strong>stellati</strong></span> <span class='ocrx_word' id='word_1_103' title='bbox 2572 1631 2831 1711; x_wconf 82' lang='lat' dir='ltr'><strong>Amphi-·</strong></span> 
     </span>
     <span class='ocr_line' id='line_1_14' title="bbox 630 1722 2821 1800; baseline -0 -11"><span class='ocrx_word' id='word_1_104' title='bbox 630 1729 922 1789; x_wconf 76' lang='lat' dir='ltr'><strong>theatrum</strong></span> <span class='ocrx_word' id='word_1_105' title='bbox 949 1724 1236 1800; x_wconf 74' lang='lat' dir='ltr'><strong>contexit,</strong></span> <span class='ocrx_word' id='word_1_106' title='bbox 1271 1736 1340 1783; x_wconf 88' lang='lat' dir='ltr'><strong>ut</strong></span> <span class='ocrx_word' id='word_1_107' title='bbox 1367 1722 1550 1782; x_wconf 87' lang='lat' dir='ltr'><strong>solem</strong></span> <span class='ocrx_word' id='word_1_108' title='bbox 1579 1723 1987 1785; x_wconf 81' lang='lat' dir='ltr'><strong>defenderent.</strong></span> <span class='ocrx_word' id='word_1_109' title='bbox 2068 1727 2195 1784; x_wconf 87' lang='lat' dir='ltr'><strong>lma</strong></span> <span class='ocrx_word' id='word_1_110' title='bbox 2222 1725 2457 1784; x_wconf 86' lang='lat' dir='ltr'><strong>Theatri</strong></span> <span class='ocrx_word' id='word_1_111' title='bbox 2486 1725 2681 1798; x_wconf 88' lang='lat' dir='ltr'><strong>sedes,</strong></span> <span class='ocrx_word' id='word_1_112' title='bbox 2724 1729 2821 1788; x_wconf 82' lang='lat' dir='ltr'><strong>vel</strong></span> 
     </span>
     <span class='ocr_line' id='line_1_15' title="bbox 629 1819 2818 1905; baseline 0 -21"><span class='ocrx_word' id='word_1_113' title='bbox 629 1825 825 1905; x_wconf 86' lang='lat' dir='ltr'><strong>potius</strong></span> <span class='ocrx_word' id='word_1_114' title='bbox 869 1823 932 1882; x_wconf 88' lang='lat' dir='ltr'><strong>id</strong></span> <span class='ocrx_word' id='word_1_115' title='bbox 978 1820 1236 1900; x_wconf 86' lang='lat' dir='ltr'><strong>spatium</strong></span> <span class='ocrx_word' id='word_1_116' title='bbox 1277 1819 1438 1898; x_wconf 90' lang='lat' dir='ltr'><strong>quod</strong></span> <span class='ocrx_word' id='word_1_117' title='bbox 1466 1821 1540 1879; x_wconf 86' lang='lat' dir='ltr'><strong>ab</strong></span> <span class='ocrx_word' id='word_1_118' title='bbox 1567 1820 1685 1880; x_wconf 88' lang='lat' dir='ltr'><strong>ima</strong></span> <span class='ocrx_word' id='word_1_119' title='bbox 1714 1820 1855 1882; x_wconf 87' lang='lat' dir='ltr'><strong>sede</strong></span> <span class='ocrx_word' id='word_1_120' title='bbox 1896 1821 2131 1881; x_wconf 86' lang='lat' dir='ltr'><strong>Theatri</strong></span> <span class='ocrx_word' id='word_1_121' title='bbox 2162 1821 2545 1900; x_wconf 88' lang='lat' dir='ltr'><strong>interjacebat</strong></span> <span class='ocrx_word' id='word_1_122' title='bbox 2570 1822 2818 1901; x_wconf 86' lang='lat' dir='ltr'><strong>pulpito,</strong></span> 
     </span>
     <span class='ocr_line' id='line_1_16' title="bbox 631 1917 2816 1999; baseline 0 -19"><span class='ocrx_word' id='word_1_123' title='bbox 631 1921 954 1984; x_wconf 75' lang='lat' dir='ltr'><strong>Orchestra</strong></span> <span class='ocrx_word' id='word_1_124' title='bbox 979 1917 1305 1988; x_wconf 80' lang='lat' dir='ltr'><strong>dicebatur,</strong></span> <span class='ocrx_word' id='word_1_125' title='bbox 1349 1917 1518 1995; x_wconf 86' lang='lat' dir='ltr'><strong>quasi</strong></span> <span class='ocrx_word' id='word_1_126' title='bbox 1554 1917 1941 1992; x_wconf 88' lang='lat' dir='ltr'><strong>saltatorium,</strong></span> <span class='ocrx_word' id='word_1_127' title='bbox 1986 1919 2147 1999; x_wconf 91' lang='lat' dir='ltr'><strong>quod</strong></span> <span class='ocrx_word' id='word_1_128' title='bbox 2192 1918 2333 1990; x_wconf 89' lang='lat' dir='ltr'><strong>illic,</strong></span> <span class='ocrx_word' id='word_1_129' title='bbox 2380 1919 2539 1998; x_wconf 88' lang='lat' dir='ltr'><strong>apud</strong></span> <span class='ocrx_word' id='word_1_130' title='bbox 2568 1919 2816 1982; x_wconf 81' lang='lat' dir='ltr'><strong>Groecos</strong></span> 
     </span>
     <span class='ocr_line' id='line_1_17' title="bbox 629 2011 2817 2096; baseline 0.001 -20"><span class='ocrx_word' id='word_1_131' title='bbox 629 2027 692 2076; x_wconf 89' lang='lat' dir='ltr'><strong>et</strong></span> <span class='ocrx_word' id='word_1_132' title='bbox 717 2015 876 2096; x_wconf 87' lang='lat' dir='ltr'><strong>apud</strong></span> <span class='ocrx_word' id='word_1_133' title='bbox 917 2012 1156 2072; x_wconf 88' lang='lat' dir='ltr'><strong>Latinos</strong></span> <span class='ocrx_word' id='word_1_134' title='bbox 1185 2011 1566 2090; x_wconf 77' lang='lat' dir='ltr'><strong>antiquiores,</strong></span> <span class='ocrx_word' id='word_1_135' title='bbox 1607 2013 1895 2074; x_wconf 77' lang='lat' dir='ltr'><strong>saltantes</strong></span> <span class='ocrx_word' id='word_1_136' title='bbox 1942 2016 2258 2076; x_wconf 87' lang='lat' dir='ltr'><strong>histriones</strong></span> <span class='ocrx_word' id='word_1_137' title='bbox 2304 2014 2525 2094; x_wconf 87' lang='lat' dir='ltr'><strong>populo</strong></span> <span class='ocrx_word' id='word_1_138' title='bbox 2553 2015 2817 2078; x_wconf 85' lang='lat' dir='ltr'><strong>oblecta-</strong></span> 
     </span>
     <span class='ocr_line' id='line_1_18' title="bbox 626 2108 2816 2181; baseline 0.001 -10"><span class='ocrx_word' id='word_1_139' title='bbox 626 2113 848 2173; x_wconf 84' lang='lat' dir='ltr'><strong>tionem</strong></span> <span class='ocrx_word' id='word_1_140' title='bbox 875 2111 1170 2181; x_wconf 84' lang='lat' dir='ltr'><strong>afferrent,</strong></span> <span class='ocrx_word' id='word_1_141' title='bbox 1199 2109 1422 2169; x_wconf 87' lang='lat' dir='ltr'><strong>interea</strong></span> <span class='ocrx_word' id='word_1_142' title='bbox 1450 2108 1590 2168; x_wconf 89' lang='lat' dir='ltr'><strong>dum</strong></span> <span class='ocrx_word' id='word_1_143' title='bbox 1619 2121 1788 2170; x_wconf 83' lang='lat' dir='ltr'><strong>aetus</strong></span> <span class='ocrx_word' id='word_1_144' title='bbox 1810 2123 2329 2172; x_wconf 78' lang='lat' dir='ltr'><strong>commutarentur.</strong></span> <span class='ocrx_word' id='word_1_145' title='bbox 2386 2111 2451 2168; x_wconf 87' lang='lat' dir='ltr'><strong>ln</strong></span> <span class='ocrx_word' id='word_1_146' title='bbox 2482 2129 2611 2171; x_wconf 87' lang='lat' dir='ltr'><strong>eam</strong></span> <span class='ocrx_word' id='word_1_147' title='bbox 2640 2114 2816 2174; x_wconf 83' lang='lat' dir='ltr'><strong>etiam</strong></span> 
     </span>
     <span class='ocr_line' id='line_1_19' title="bbox 627 2204 2817 2290; baseline 0 -21"><span class='ocrx_word' id='word_1_148' title='bbox 627 2207 971 2288; x_wconf 79' lang='lat' dir='ltr'><strong>Thymelici,</strong></span> <span class='ocrx_word' id='word_1_149' title='bbox 1015 2207 1128 2266; x_wconf 89' lang='lat' dir='ltr'><strong>hoc</strong></span> <span class='ocrx_word' id='word_1_150' title='bbox 1154 2216 1266 2275; x_wconf 88' lang='lat' dir='ltr'><strong>est,</strong></span> <span class='ocrx_word' id='word_1_151' title='bbox 1315 2204 1674 2278; x_wconf 76' lang='lat' dir='ltr'><strong>citharistae,</strong></span> <span class='ocrx_word' id='word_1_152' title='bbox 1704 2206 2049 2280; x_wconf 84' lang='lat' dir='ltr'><strong>Citharoedi,</strong></span> <span class='ocrx_word' id='word_1_153' title='bbox 2076 2208 2372 2290; x_wconf 90' lang='lat' dir='ltr'><strong>Tibicines</strong></span> <span class='ocrx_word' id='word_1_154' title='bbox 2402 2225 2542 2266; x_wconf 87' lang='lat' dir='ltr'><strong>suas</strong></span> <span class='ocrx_word' id='word_1_155' title='bbox 2571 2220 2817 2286; x_wconf 78' lang='lat' dir='ltr'><strong>praesta-</strong></span> 
     </span>
     <span class='ocr_line' id='line_1_20' title="bbox 625 2299 2817 2384; baseline 0 -19"><span class='ocrx_word' id='word_1_156' title='bbox 625 2307 774 2365; x_wconf 87' lang='lat' dir='ltr'><strong>bant</strong></span> <span class='ocrx_word' id='word_1_157' title='bbox 795 2304 1058 2364; x_wconf 80' lang='lat' dir='ltr'><strong>actiones</strong></span> <span class='ocrx_word' id='word_1_158' title='bbox 1087 2303 1232 2382; x_wconf 87' lang='lat' dir='ltr'><strong>ipsis</strong></span> <span class='ocrx_word' id='word_1_159' title='bbox 1251 2301 1500 2372; x_wconf 78' lang='lat' dir='ltr'><strong>Graecis,</strong></span> <span class='ocrx_word' id='word_1_160' title='bbox 1519 2311 1699 2378; x_wconf 82' lang='lat' dir='ltr'><strong>atque</strong></span> <span class='ocrx_word' id='word_1_161' title='bbox 1726 2301 1787 2360; x_wconf 91' lang='lat' dir='ltr'><strong>id</strong></span> <span class='ocrx_word' id='word_1_162' title='bbox 1816 2303 2072 2381; x_wconf 87' lang='lat' dir='ltr'><strong>spatium</strong></span> <span class='ocrx_word' id='word_1_163' title='bbox 2095 2299 2631 2380; x_wconf 82' lang='lat' dir='ltr'><strong>comprehendebat</strong></span> <span class='ocrx_word' id='word_1_164' title='bbox 2658 2306 2817 2384; x_wconf 88' lang='lat' dir='ltr'><strong>apud</strong></span> 
     </span>
     <span class='ocr_line' id='line_1_21' title="bbox 627 2394 2821 2478; baseline 0.001 -18"><span class='ocrx_word' id='word_1_165' title='bbox 627 2404 926 2478; x_wconf 87' lang='lat' dir='ltr'><strong>antiquos,</strong></span> <span class='ocrx_word' id='word_1_166' title='bbox 952 2396 1114 2477; x_wconf 88' lang='lat' dir='ltr'><strong>quod</strong></span> <span class='ocrx_word' id='word_1_167' title='bbox 1143 2416 1252 2456; x_wconf 91' lang='lat' dir='ltr'><strong>ceu</strong></span> <span class='ocrx_word' id='word_1_168' title='bbox 1279 2405 1546 2455; x_wconf 85' lang='lat' dir='ltr'><strong>centrum</strong></span> <span class='ocrx_word' id='word_1_169' title='bbox 1567 2394 1805 2454; x_wconf 88' lang='lat' dir='ltr'><strong>Theatri</strong></span> <span class='ocrx_word' id='word_1_170' title='bbox 1836 2396 1911 2456; x_wconf 89' lang='lat' dir='ltr'><strong>ab</strong></span> <span class='ocrx_word' id='word_1_171' title='bbox 1945 2397 2061 2458; x_wconf 88' lang='lat' dir='ltr'><strong>imo</strong></span> <span class='ocrx_word' id='word_1_172' title='bbox 2090 2395 2276 2477; x_wconf 80' lang='lat' dir='ltr'><strong>gradu</strong></span> <span class='ocrx_word' id='word_1_173' title='bbox 2298 2395 2691 2476; x_wconf 75' lang='lat' dir='ltr'><strong>adpulpitum</strong></span> <span class='ocrx_word' id='word_1_174' title='bbox 2722 2421 2821 2463; x_wconf 85' lang='lat' dir='ltr'><strong>us-</strong></span> 
     </span>
     <span class='ocr_line' id='line_1_22' title="bbox 628 2490 2819 2577; baseline 0 -21"><span class='ocrx_word' id='word_1_175' title='bbox 628 2515 746 2577; x_wconf 86' lang='lat' dir='ltr'><strong>que</strong></span> <span class='ocrx_word' id='word_1_176' title='bbox 771 2514 968 2555; x_wconf 77' lang='lat' dir='ltr'><strong>scenae</strong></span> <span class='ocrx_word' id='word_1_177' title='bbox 995 2509 1244 2552; x_wconf 78' lang='lat' dir='ltr'><strong>vacuum</strong></span> <span class='ocrx_word' id='word_1_178' title='bbox 1275 2490 1733 2569; x_wconf 87' lang='lat' dir='ltr'><strong>relinquebatur.</strong></span> <span class='ocrx_word' id='word_1_179' title='bbox 1820 2493 1887 2552; x_wconf 87' lang='lat' dir='ltr'><strong>ln</strong></span> <span class='ocrx_word' id='word_1_180' title='bbox 1916 2493 2297 2556; x_wconf 86' lang='lat' dir='ltr'><strong>Theatrorum</strong></span> <span class='ocrx_word' id='word_1_181' title='bbox 2348 2494 2663 2556; x_wconf 85' lang='lat' dir='ltr'><strong>orchestris</strong></span> <span class='ocrx_word' id='word_1_182' title='bbox 2702 2497 2819 2574; x_wconf 92' lang='lat' dir='ltr'><strong>(in-</strong></span> 
     </span>
     <span class='ocr_line' id='line_1_23' title="bbox 627 2589 2817 2670; baseline 0.001 -19"><span class='ocrx_word' id='word_1_183' title='bbox 627 2592 758 2670; x_wconf 87' lang='lat' dir='ltr'><strong>quit</strong></span> <span class='ocrx_word' id='word_1_184' title='bbox 785 2589 1038 2664; x_wconf 84' lang='lat' dir='ltr'><strong>Plinius)</strong></span> <span class='ocrx_word' id='word_1_185' title='bbox 1065 2589 1244 2648; x_wconf 86' lang='lat' dir='ltr'><strong>scobe</strong></span> <span class='ocrx_word' id='word_1_186' title='bbox 1273 2597 1377 2646; x_wconf 92' lang='lat' dir='ltr'><strong>aut</strong></span> <span class='ocrx_word' id='word_1_187' title='bbox 1405 2605 1584 2646; x_wconf 89' lang='lat' dir='ltr'><strong>arena</strong></span> <span class='ocrx_word' id='word_1_188' title='bbox 1611 2589 1945 2669; x_wconf 86' lang='lat' dir='ltr'><strong>superjecta</strong></span> <span class='ocrx_word' id='word_1_189' title='bbox 1971 2609 2087 2652; x_wconf 86' lang='lat' dir='ltr'><strong>vox</strong></span> <span class='ocrx_word' id='word_1_190' title='bbox 2112 2589 2449 2663; x_wconf 83' lang='lat' dir='ltr'><strong>devoratur,</strong></span> <span class='ocrx_word' id='word_1_191' title='bbox 2488 2603 2550 2652; x_wconf 91' lang='lat' dir='ltr'><strong>et</strong></span> <span class='ocrx_word' id='word_1_192' title='bbox 2598 2593 2659 2651; x_wconf 89' lang='lat' dir='ltr'><strong>in</strong></span> <span class='ocrx_word' id='word_1_193' title='bbox 2686 2593 2817 2653; x_wconf 90' lang='lat' dir='ltr'><strong>rudi</strong></span> 
     </span>
     <span class='ocr_line' id='line_1_24' title="bbox 625 2684 2817 2767; baseline 0.002 -21"><span class='ocrx_word' id='word_1_194' title='bbox 625 2687 916 2766; x_wconf 85' lang='lat' dir='ltr'><strong>parietum</strong></span> <span class='ocrx_word' id='word_1_195' title='bbox 941 2684 1360 2763; x_wconf 85' lang='lat' dir='ltr'><strong>circumjectu:</strong></span> <span class='ocrx_word' id='word_1_196' title='bbox 1401 2695 1759 2764; x_wconf 88' lang='lat' dir='ltr'><strong>quapropter</strong></span> <span class='ocrx_word' id='word_1_197' title='bbox 1800 2687 2072 2747; x_wconf 85' lang='lat' dir='ltr'><strong>existimo</strong></span> <span class='ocrx_word' id='word_1_198' title='bbox 2101 2690 2283 2767; x_wconf 85' lang='lat' dir='ltr'><strong>probe</strong></span> <span class='ocrx_word' id='word_1_199' title='bbox 2312 2689 2697 2750; x_wconf 87' lang='lat' dir='ltr'><strong>emundatum</strong></span> <span class='ocrx_word' id='word_1_200' title='bbox 2725 2691 2817 2750; x_wconf 79' lang='lat' dir='ltr'><strong>fu-</strong></span> 
     </span>
     <span class='ocr_line' id='line_1_25' title="bbox 625 2778 2817 2862; baseline 0.002 -21"><span class='ocrx_word' id='word_1_201' title='bbox 625 2784 766 2856; x_wconf 87' lang='lat' dir='ltr'><strong>isse,</strong></span> <span class='ocrx_word' id='word_1_202' title='bbox 795 2785 844 2844; x_wconf 92' lang='lat' dir='ltr'><strong>si</strong></span> <span class='ocrx_word' id='word_1_203' title='bbox 871 2780 1112 2862; x_wconf 86' lang='lat' dir='ltr'><strong>quando</strong></span> <span class='ocrx_word' id='word_1_204' title='bbox 1140 2780 1402 2860; x_wconf 81' lang='lat' dir='ltr'><strong>pugilum</strong></span> <span class='ocrx_word' id='word_1_205' title='bbox 1433 2778 1618 2840; x_wconf 82' lang='lat' dir='ltr'><strong>Ludis</strong></span> <span class='ocrx_word' id='word_1_206' title='bbox 1650 2799 1828 2842; x_wconf 86' lang='lat' dir='ltr'><strong>arena</strong></span> <span class='ocrx_word' id='word_1_207' title='bbox 1854 2801 2177 2862; x_wconf 85' lang='lat' dir='ltr'><strong>conspersa</strong></span> <span class='ocrx_word' id='word_1_208' title='bbox 2202 2784 2515 2844; x_wconf 76' lang='lat' dir='ltr'><strong>videretur.</strong></span> <span class='ocrx_word' id='word_1_209' title='bbox 2602 2784 2817 2846; x_wconf 83' lang='lat' dir='ltr'><strong>Novis-</strong></span> 
     </span>
     <span class='ocr_line' id='line_1_26' title="bbox 628 2876 2817 2956; baseline 0 -16"><span class='ocrx_word' id='word_1_210' title='bbox 628 2881 770 2940; x_wconf 86' lang='lat' dir='ltr'><strong>sime</strong></span> <span class='ocrx_word' id='word_1_211' title='bbox 797 2891 993 2940; x_wconf 87' lang='lat' dir='ltr'><strong>autem</strong></span> <span class='ocrx_word' id='word_1_212' title='bbox 1021 2877 1182 2956; x_wconf 86' lang='lat' dir='ltr'><strong>apud</strong></span> <span class='ocrx_word' id='word_1_213' title='bbox 1231 2876 1532 2936; x_wconf 84' lang='lat' dir='ltr'><strong>Romanos</strong></span> <span class='ocrx_word' id='word_1_214' title='bbox 1578 2877 1883 2938; x_wconf 86' lang='lat' dir='ltr'><strong>orchestra</strong></span> <span class='ocrx_word' id='word_1_215' title='bbox 1929 2881 2299 2940; x_wconf 88' lang='lat' dir='ltr'><strong>senatoribus</strong></span> <span class='ocrx_word' id='word_1_216' title='bbox 2343 2879 2543 2940; x_wconf 86' lang='lat' dir='ltr'><strong>dicata</strong></span> <span class='ocrx_word' id='word_1_217' title='bbox 2580 2880 2711 2953; x_wconf 85' lang='lat' dir='ltr'><strong>fuit,</strong></span> <span class='ocrx_word' id='word_1_218' title='bbox 2754 2882 2817 2940; x_wconf 88' lang='lat' dir='ltr'><strong>in</strong></span> 
     </span>
     <span class='ocr_line' id='line_1_27' title="bbox 625 2973 2815 3056; baseline 0.002 -22"><span class='ocrx_word' id='word_1_219' title='bbox 625 2995 741 3056; x_wconf 88' lang='lat' dir='ltr'><strong>qua</strong></span> <span class='ocrx_word' id='word_1_220' title='bbox 762 2974 1338 3036; x_wconf 81' lang='lat' dir='ltr'><strong>honorificentiorum</strong></span> <span class='ocrx_word' id='word_1_221' title='bbox 1359 2982 1528 3032; x_wconf 87' lang='lat' dir='ltr'><strong>erant</strong></span> <span class='ocrx_word' id='word_1_222' title='bbox 1546 2973 1679 3036; x_wconf 86' lang='lat' dir='ltr'><strong>loca</strong></span> <span class='ocrx_word' id='word_1_223' title='bbox 1699 2974 2034 3053; x_wconf 81' lang='lat' dir='ltr'><strong>designata,</strong></span> <span class='ocrx_word' id='word_1_224' title='bbox 2055 2988 2291 3056; x_wconf 87' lang='lat' dir='ltr'><strong>propter</strong></span> <span class='ocrx_word' id='word_1_225' title='bbox 2310 2975 2815 3038; x_wconf 81' lang='lat' dir='ltr'><strong>commoditatem:</strong></span> 
     </span>
     <span class='ocr_line' id='line_1_28' title="bbox 625 3069 2819 3150; baseline 0.001 -18"><span class='ocrx_word' id='word_1_226' title='bbox 625 3083 694 3132; x_wconf 90' lang='lat' dir='ltr'><strong>ut</strong></span> <span class='ocrx_word' id='word_1_227' title='bbox 719 3071 880 3144; x_wconf 89' lang='lat' dir='ltr'><strong>inde,</strong></span> <span class='ocrx_word' id='word_1_228' title='bbox 907 3089 1026 3130; x_wconf 89' lang='lat' dir='ltr'><strong>non</strong></span> <span class='ocrx_word' id='word_1_229' title='bbox 1057 3070 1248 3130; x_wconf 86' lang='lat' dir='ltr'><strong>solum</strong></span> <span class='ocrx_word' id='word_1_230' title='bbox 1271 3069 1454 3130; x_wconf 84' lang='lat' dir='ltr'><strong>verba</strong></span> <span class='ocrx_word' id='word_1_231' title='bbox 1479 3077 1541 3128; x_wconf 91' lang='lat' dir='ltr'><strong>et</strong></span> <span class='ocrx_word' id='word_1_232' title='bbox 1567 3083 1795 3148; x_wconf 78' lang='lat' dir='ltr'><strong>gestus,</strong></span> <span class='ocrx_word' id='word_1_233' title='bbox 1824 3071 1933 3131; x_wconf 92' lang='lat' dir='ltr'><strong>sed</strong></span> <span class='ocrx_word' id='word_1_234' title='bbox 1964 3072 2139 3130; x_wconf 88' lang='lat' dir='ltr'><strong>etiam</strong></span> <span class='ocrx_word' id='word_1_235' title='bbox 2169 3071 2383 3150; x_wconf 89' lang='lat' dir='ltr'><strong>pedum</strong></span> <span class='ocrx_word' id='word_1_236' title='bbox 2412 3073 2726 3144; x_wconf 85' lang='lat' dir='ltr'><strong>motiones,</strong></span> <span class='ocrx_word' id='word_1_237' title='bbox 2754 3085 2819 3134; x_wconf 90' lang='lat' dir='ltr'><strong>et</strong></span> 
     </span>
     <span class='ocr_line' id='line_1_29' title="bbox 622 3164 2817 3245; baseline 0.001 -19"><span class='ocrx_word' id='word_1_238' title='bbox 622 3167 716 3226; x_wconf 77' lang='lat' dir='ltr'><strong>vel</strong></span> <span class='ocrx_word' id='word_1_239' title='bbox 743 3167 980 3226; x_wconf 88' lang='lat' dir='ltr'><strong>minima</strong></span> <span class='ocrx_word' id='word_1_240' title='bbox 1005 3184 1257 3244; x_wconf 68' lang='lat' dir='ltr'><strong>quaeque</strong></span> <span class='ocrx_word' id='word_1_241' title='bbox 1285 3164 1735 3242; x_wconf 86' lang='lat' dir='ltr'><strong>conspicerent:</strong></span> <span class='ocrx_word' id='word_1_242' title='bbox 1778 3167 2076 3245; x_wconf 84' lang='lat' dir='ltr'><strong>proximus</strong></span> <span class='ocrx_word' id='word_1_243' title='bbox 2124 3167 2279 3226; x_wconf 89' lang='lat' dir='ltr'><strong>enim</strong></span> <span class='ocrx_word' id='word_1_244' title='bbox 2321 3168 2413 3227; x_wconf 89' lang='lat' dir='ltr'><strong>hic</strong></span> <span class='ocrx_word' id='word_1_245' title='bbox 2442 3168 2661 3244; x_wconf 83' lang='lat' dir='ltr'><strong>gradus</strong></span> <span class='ocrx_word' id='word_1_246' title='bbox 2689 3182 2817 3228; x_wconf 86' lang='lat' dir='ltr'><strong>erat</strong></span> 
     </span>
     <span class='ocr_line' id='line_1_30' title="bbox 625 3257 2502 3344; baseline -0.001 -23"><span class='ocrx_word' id='word_1_247' title='bbox 625 3261 852 3344; x_wconf 87' lang='lat' dir='ltr'><strong>pulpito</strong></span> <span class='ocrx_word' id='word_1_248' title='bbox 882 3278 1098 3333; x_wconf 71' lang='lat' dir='ltr'><strong>seeum,</strong></span> <span class='ocrx_word' id='word_1_249' title='bbox 1125 3257 1202 3316; x_wconf 88' lang='lat' dir='ltr'><strong>de</strong></span> <span class='ocrx_word' id='word_1_250' title='bbox 1229 3257 1398 3336; x_wconf 91' lang='lat' dir='ltr'><strong>cujus</strong></span> <span class='ocrx_word' id='word_1_251' title='bbox 1424 3260 1854 3339; x_wconf 86' lang='lat' dir='ltr'><strong>compositione</strong></span> <span class='ocrx_word' id='word_1_252' title='bbox 1883 3280 2018 3321; x_wconf 87' lang='lat' dir='ltr'><strong>mox</strong></span> <span class='ocrx_word' id='word_1_253' title='bbox 2044 3261 2363 3324; x_wconf 88' lang='lat' dir='ltr'><strong>dicendum</strong></span> <span class='ocrx_word' id='word_1_254' title='bbox 2389 3273 2502 3322; x_wconf 85' lang='lat' dir='ltr'><strong>est.</strong></span> 
     </span>
    </p>
   </div>
   <div class='ocr_carea' id='block_1_3' title="bbox 723 3477 2731 3544">
    <p class='ocr_par' dir='ltr' id='par_1_3' title="bbox 723 3477 2731 3544">
     <span class='ocr_line' id='line_1_31' title="bbox 723 3477 2731 3544; baseline 0.001 -4"><span class='ocrx_word' id='word_1_255' title='bbox 723 3479 1049 3542; x_wconf 84' lang='lat' dir='ltr'>POSITIO</span> <span class='ocrx_word' id='word_1_256' title='bbox 1094 3481 1196 3540; x_wconf 81' lang='lat' dir='ltr'><strong>ET</strong></span> <span class='ocrx_word' id='word_1_257' title='bbox 1236 3477 1817 3540; x_wconf 84' lang='lat' dir='ltr'><strong>CONSTRUCTIO</strong></span> <span class='ocrx_word' id='word_1_258' title='bbox 1862 3479 2151 3544; x_wconf 84' lang='lat' dir='ltr'>SCENAE</span> <span class='ocrx_word' id='word_1_259' title='bbox 2191 3483 2279 3542; x_wconf 91' lang='lat' dir='ltr'><strong>IN</strong></span> <span class='ocrx_word' id='word_1_260' title='bbox 2321 3482 2731 3544; x_wconf 87' lang='lat' dir='ltr'><strong>THEATRO.</strong></span> 
     </span>
    </p>
   </div>
   <div class='ocr_carea' id='block_1_4' title="bbox 621 3643 2819 4301">
    <p class='ocr_par' dir='ltr' id='par_1_4' title="bbox 621 3643 2819 4301">
     <span class='ocr_line' id='line_1_32' title="bbox 701 3643 2815 3724; baseline 0.001 -22"><span class='ocrx_word' id='word_1_261' title='bbox 701 3644 859 3703; x_wconf 89' lang='lat' dir='ltr'><strong>Ante</strong></span> <span class='ocrx_word' id='word_1_262' title='bbox 883 3643 1224 3718; x_wconf 85' lang='lat' dir='ltr'><strong>Theatrum,</strong></span> <span class='ocrx_word' id='word_1_263' title='bbox 1251 3663 1362 3704; x_wconf 91' lang='lat' dir='ltr'><strong>ceu</strong></span> <span class='ocrx_word' id='word_1_264' title='bbox 1403 3644 1566 3702; x_wconf 85' lang='lat' dir='ltr'><strong>frons</strong></span> <span class='ocrx_word' id='word_1_265' title='bbox 1594 3643 1871 3723; x_wconf 80' lang='lat' dir='ltr'><strong>quaedam</strong></span> <span class='ocrx_word' id='word_1_266' title='bbox 1900 3643 2111 3723; x_wconf 88' lang='lat' dir='ltr'><strong>ipsius,</strong></span> <span class='ocrx_word' id='word_1_267' title='bbox 2154 3646 2351 3704; x_wconf 86' lang='lat' dir='ltr'><strong>Scena</strong></span> <span class='ocrx_word' id='word_1_268' title='bbox 2384 3643 2657 3724; x_wconf 88' lang='lat' dir='ltr'><strong>opposita</strong></span> <span class='ocrx_word' id='word_1_269' title='bbox 2683 3643 2815 3714; x_wconf 83' lang='lat' dir='ltr'><strong>fuit,</strong></span> 
     </span>
     <span class='ocr_line' id='line_1_33' title="bbox 623 3739 2819 3821; baseline -0.001 -21"><span class='ocrx_word' id='word_1_270' title='bbox 623 3759 730 3819; x_wconf 90' lang='lat' dir='ltr'><strong>pro</strong></span> <span class='ocrx_word' id='word_1_271' title='bbox 759 3760 821 3800; x_wconf 90' lang='lat' dir='ltr'><strong>re</strong></span> <span class='ocrx_word' id='word_1_272' title='bbox 847 3749 990 3800; x_wconf 85' lang='lat' dir='ltr'><strong>nata</strong></span> <span class='ocrx_word' id='word_1_273' title='bbox 1019 3749 1080 3800; x_wconf 91' lang='lat' dir='ltr'><strong>et</strong></span> <span class='ocrx_word' id='word_1_274' title='bbox 1107 3739 1342 3818; x_wconf 76' lang='lat' dir='ltr'><strong>agenda</strong></span> <span class='ocrx_word' id='word_1_275' title='bbox 1369 3739 1677 3800; x_wconf 88' lang='lat' dir='ltr'><strong>Comoedia</strong></span> <span class='ocrx_word' id='word_1_276' title='bbox 1704 3752 1809 3800; x_wconf 87' lang='lat' dir='ltr'><strong>aut</strong></span> <span class='ocrx_word' id='word_1_277' title='bbox 1834 3741 2147 3821; x_wconf 80' lang='lat' dir='ltr'><strong>Tragoedia</strong></span> <span class='ocrx_word' id='word_1_278' title='bbox 2186 3751 2482 3803; x_wconf 82' lang='lat' dir='ltr'><strong>exstructa</strong></span> <span class='ocrx_word' id='word_1_279' title='bbox 2506 3761 2519 3800; x_wconf 73' lang='grc' dir='ltr'>ι</span> <span class='ocrx_word' id='word_1_280' title='bbox 2568 3760 2689 3799; x_wconf 89' lang='lat' dir='ltr'><strong>uno</strong></span> <span class='ocrx_word' id='word_1_281' title='bbox 2712 3753 2819 3800; x_wconf 85' lang='lat' dir='ltr'><strong>aut</strong></span> 
     </span>
     <span class='ocr_line' id='line_1_34' title="bbox 623 3835 2815 3917; baseline -0.001 -21"><span class='ocrx_word' id='word_1_282' title='bbox 623 3836 810 3896; x_wconf 80' lang='lat' dir='ltr'><strong>altero</strong></span> <span class='ocrx_word' id='word_1_283' title='bbox 852 3844 1082 3894; x_wconf 88' lang='lat' dir='ltr'><strong>tantum</strong></span> <span class='ocrx_word' id='word_1_284' title='bbox 1136 3835 1234 3895; x_wconf 90' lang='lat' dir='ltr'><strong>die</strong></span> <span class='ocrx_word' id='word_1_285' title='bbox 1261 3836 1394 3896; x_wconf 89' lang='lat' dir='ltr'><strong>usui</strong></span> <span class='ocrx_word' id='word_1_286' title='bbox 1431 3835 1665 3896; x_wconf 82' lang='lat' dir='ltr'><strong>sutura:</strong></span> <span class='ocrx_word' id='word_1_287' title='bbox 1711 3836 1823 3895; x_wconf 88' lang='lat' dir='ltr'><strong>nisi</strong></span> <span class='ocrx_word' id='word_1_288' title='bbox 1852 3837 2103 3898; x_wconf 78' lang='lat' dir='ltr'><strong>sortasse</strong></span> <span class='ocrx_word' id='word_1_289' title='bbox 2148 3838 2380 3917; x_wconf 81' lang='lat' dir='ltr'><strong>ligneus</strong></span> <span class='ocrx_word' id='word_1_290' title='bbox 2410 3849 2727 3914; x_wconf 82' lang='lat' dir='ltr'><strong>apparatus</strong></span> <span class='ocrx_word' id='word_1_291' title='bbox 2755 3836 2815 3894; x_wconf 90' lang='lat' dir='ltr'><strong>in</strong></span> 
     </span>
     <span class='ocr_line' id='line_1_35' title="bbox 625 3929 2815 4012; baseline -0.001 -22"><span class='ocrx_word' id='word_1_292' title='bbox 625 3931 850 4012; x_wconf 85' lang='lat' dir='ltr'><strong>aliquot</strong></span> <span class='ocrx_word' id='word_1_293' title='bbox 893 3929 1024 3990; x_wconf 88' lang='lat' dir='ltr'><strong>dies</strong></span> <span class='ocrx_word' id='word_1_294' title='bbox 1060 3931 1435 4012; x_wconf 82' lang='lat' dir='ltr'><strong>proferretur.</strong></span> <span class='ocrx_word' id='word_1_295' title='bbox 1537 3930 1696 3990; x_wconf 87' lang='lat' dir='ltr'><strong>Nam</strong></span> <span class='ocrx_word' id='word_1_296' title='bbox 1748 3931 1823 3991; x_wconf 86' lang='lat' dir='ltr'><strong>de</strong></span> <span class='ocrx_word' id='word_1_297' title='bbox 1874 3933 2069 3993; x_wconf 81' lang='lat' dir='ltr'><strong>scenis</strong></span> <span class='ocrx_word' id='word_1_298' title='bbox 2112 3933 2454 4003; x_wconf 83' lang='lat' dir='ltr'><strong>sumtuosis,</strong></span> <span class='ocrx_word' id='word_1_299' title='bbox 2496 3944 2556 3990; x_wconf 90' lang='lat' dir='ltr'><strong>et</strong></span> <span class='ocrx_word' id='word_1_300' title='bbox 2602 3941 2815 4011; x_wconf 82' lang='lat' dir='ltr'><strong>proeter</strong></span> 
     </span>
     <span class='ocr_line' id='line_1_36' title="bbox 621 4025 2813 4106; baseline 0.001 -20"><span class='ocrx_word' id='word_1_301' title='bbox 621 4025 1114 4086; x_wconf 86' lang='lat' dir='ltr'><strong>consuetudinem</strong></span> <span class='ocrx_word' id='word_1_302' title='bbox 1143 4045 1325 4106; x_wconf 87' lang='lat' dir='ltr'><strong>supra</strong></span> <span class='ocrx_word' id='word_1_303' title='bbox 1351 4025 1594 4085; x_wconf 89' lang='lat' dir='ltr'><strong>modum</strong></span> <span class='ocrx_word' id='word_1_304' title='bbox 1640 4026 2093 4098; x_wconf 82' lang='lat' dir='ltr'><strong>luxuriantibus,</strong></span> <span class='ocrx_word' id='word_1_305' title='bbox 2122 4028 2216 4089; x_wconf 89' lang='lat' dir='ltr'><strong>hic</strong></span> <span class='ocrx_word' id='word_1_306' title='bbox 2260 4046 2379 4086; x_wconf 84' lang='lat' dir='ltr'><strong>non</strong></span> <span class='ocrx_word' id='word_1_307' title='bbox 2408 4026 2813 4104; x_wconf 84' lang='lat' dir='ltr'><strong>intelligimus.</strong></span> 
     </span>
     <span class='ocr_line' id='line_1_37' title="bbox 623 4121 2815 4204; baseline 0.001 -24"><span class='ocrx_word' id='word_1_308' title='bbox 623 4121 692 4181; x_wconf 89' lang='lat' dir='ltr'><strong>In</strong></span> <span class='ocrx_word' id='word_1_309' title='bbox 721 4122 880 4183; x_wconf 89' lang='lat' dir='ltr'><strong>hunc</strong></span> <span class='ocrx_word' id='word_1_310' title='bbox 919 4133 1116 4184; x_wconf 89' lang='lat' dir='ltr'><strong>autem</strong></span> <span class='ocrx_word' id='word_1_311' title='bbox 1166 4121 1406 4183; x_wconf 90' lang='lat' dir='ltr'><strong>modum</strong></span> <span class='ocrx_word' id='word_1_312' title='bbox 1451 4123 1745 4202; x_wconf 87' lang='lat' dir='ltr'><strong>disposita</strong></span> <span class='ocrx_word' id='word_1_313' title='bbox 1788 4135 1933 4198; x_wconf 87' lang='lat' dir='ltr'><strong>erat,</strong></span> <span class='ocrx_word' id='word_1_314' title='bbox 1978 4134 2263 4204; x_wconf 89' lang='lat' dir='ltr'><strong>quantum</strong></span> <span class='ocrx_word' id='word_1_315' title='bbox 2312 4143 2425 4202; x_wconf 81' lang='lat' dir='ltr'><strong>ego</strong></span> <span class='ocrx_word' id='word_1_316' title='bbox 2474 4122 2815 4200; x_wconf 88' lang='lat' dir='ltr'><strong>conjectura</strong></span> 
     </span>
     <span class='ocr_line' id='line_1_38' title="bbox 625 4217 2815 4301; baseline 0.001 -23"><span class='ocrx_word' id='word_1_317' title='bbox 625 4217 862 4296; x_wconf 75' lang='lat' dir='ltr'><strong>assequi</strong></span> <span class='ocrx_word' id='word_1_318' title='bbox 901 4237 1165 4299; x_wconf 86' lang='lat' dir='ltr'><strong>possum.</strong></span> <span class='ocrx_word' id='word_1_319' title='bbox 1266 4220 1462 4280; x_wconf 88' lang='lat' dir='ltr'><strong>Scena</strong></span> <span class='ocrx_word' id='word_1_320' title='bbox 1507 4219 1661 4280; x_wconf 89' lang='lat' dir='ltr'><strong>binis</strong></span> <span class='ocrx_word' id='word_1_321' title='bbox 1700 4219 2082 4301; x_wconf 86' lang='lat' dir='ltr'><strong>pluribusque</strong></span> <span class='ocrx_word' id='word_1_322' title='bbox 2122 4218 2659 4299; x_wconf 87' lang='lat' dir='ltr'><strong>contignationibus</strong></span> <span class='ocrx_word' id='word_1_323' title='bbox 2710 4230 2815 4280; x_wconf 87' lang='lat' dir='ltr'><strong>aut</strong></span> 
     </span>
    </p>
   </div>
  </div>
 </body>
</html>
