3234 4934
564 375 652 440 28
1457 389 1868 438 ruffin-rio.

567 534 888 602 Biblioth.
929 533 1077 598 Lat.
1125 549 1204 598 u.
1245 531 1356 598 30.
1404 533 1767 618 Eugraphii
1812 537 2079 599 aetatem
2132 534 2220 599 ad
2268 533 2447 600 Soec.
2498 549 2577 601 x·
2606 555 2753 601 ver-

565 657 730 721 gens
757 640 938 702 recte
965 635 1208 712 retulit,
1238 635 1460 702 codex
1486 634 1750 700 demum
1780 635 2053 701 Saeculo
2084 652 2195 701 xl.
2224 643 2540 702 exaratus
2568 638 2755 703 vide-

564 745 694 804 tur.
779 737 881 821 At
905 737 1269 822 Eugraphii
1301 743 1572 821 aetatem
1603 757 1649 802 a
1678 737 1995 803 Fabricio
2022 744 2201 803 recte
2230 737 2569 804 definitam
2600 759 2753 804 esse

563 840 778 906 adhuc
807 838 1094 906 dubitari
1119 845 1362 924 potest.
1454 838 1765 926 conjecit
1796 839 1983 905 illam
2008 859 2098 906 ex
2126 841 2554 925 sequentibus
2584 841 2755 907 Ger-

563 943 765 1020 berti,
809 941 1150 1026 quondam
1197 941 1614 1020 scholastici,
1661 941 1929 1007 tandem
1958 944 2087 1008 sub
2111 942 2381 1008 nominc
2418 941 2754 1027 sylvestri

565 1043 654 1109 ad
685 1044 1068 1126 dignitatem
1097 1047 1336 1111 summi
1367 1044 1824 1110 Romanorum
1854 1044 2193 1128 pontificis
2238 1045 2480 1124 evecti,
2524 1044 2751 1110 verbis

562 1164 723 1228 quae
779 1147 1085 1228 leguntur
1141 1147 1210 1210 in
1267 1146 1556 1229 epistola
1617 1146 1708 1212 ad
1758 1144 2119 1211 Airai-dum
2172 1161 2337 1210 vm.
2388 1144 2749 1232 (Biblioth.

563 1247 875 1314 Maxima
904 1246 1181 1313 Patrum
1208 1248 1402 1313 Tom.
1433 1263 1627 1312 xvu.
1674 1247 1886 1330 Lugd.
1938 1249 2129 1314 1670.
2175 1267 2247 1331 p.
2286 1245 2476 1333 669.)
2518 1251 2540 1282 ‘
2570 1248 2753 1312 Peti-

561 1350 857 1416 tionibns
885 1349 1019 1415 tuis
1049 1351 1441 1431 annuimus3
1481 1355 1712 1414 nostra
1755 1358 1833 1413 ut
1860 1350 2217 1434 exequaris
2246 1351 2528 1434 negotia,
2570 1349 2754 1415 velut

561 1451 857 1536 propria,
903 1471 1268 1518 monemus.
1356 1452 1616 1518 Plinius
1660 1452 2078 1518 emendetur:
2125 1451 2552 1535 Eugraphius
2580 1451 2753 1516 reci·-

561 1555 820 1638 piatur;
865 1555 984 1638 qui
1011 1553 1300 1622 orbacis
1343 1561 1411 1621 et
1440 1555 1623 1640 apud
1648 1559 1952 1621 sanctum
1985 1554 2309 1619 Basolnm
2336 1555 2752 1639 perscriban-

559 1656 703 1723 tur!
753 1683 758 1690 ·
789 1655 900 1720 Ex
945 1655 1054 1722 his
1098 1659 1320 1723 verbis
1365 1659 1653 1738 elicitur,
1701 1646 2147 1742 Eugraphinm
2182 1656 2513 1739 oequalem
2542 1655 2753 1720 fuisse

557 1756 888 1835 Gerberti,
929 1758 1249 1841 quivixit
1274 1760 1398 1824 sub
1428 1759 1689 1825 Othone
1720 1774 1832 1824 ιιι.
1862 1759 2034 1842 Imp.
2068 1765 2353 1824 exeunte
2382 1758 2639 1823 soeculo
2670 1773 2750 1822 Χ.

559 1867 634 1924 et
659 1878 838 1924 anno
863 1859 1056 1924 1003.
1093 1867 1396 1926 mortuns
1441 1865 1564 1926 est.
1655 1859 1753 1926 At
1797 1861 2209 1945 perobscura
2254 1864 2432 1937 sunt,
2483 1865 2578 1938 et,
2619 1858 2751 1924 nisi

559 1961 700 2027 alia
725 1969 1038 2045 prostant
1061 1970 1452 2046 argumenta
1473 1964 1560 2028 ad
1590 1963 2037 2029 definiendum
2066 1971 2360 2048 tempus,
2392 1981 2528 2047 quo
2548 1961 2749 2040 vixit,

557 2064 708 2129 sola
733 2083 867 2129 non
896 2063 1250 2131 sufficiunt.
1337 2065 1384 2130 J
1387 2072 1719 2149 unguntur
1764 2064 2021 2130 Plinius
2064 2071 2131 2129 et
2182 2063 2620 2150 Eugraphius,
2662 2069 2750 2142 et,

557 2165 925 2231 camillum
954 2167 1156 2250 longe
1183 2173 1334 2233 ante
1359 2167 1757 2233 Gerbertum
1798 2167 2051 2232 vixisse
2096 2167 2269 2230 inter
2312 2184 2544 2230 omnes
2590 2183 2752 2229 con-

553 2272 711 2344 stet,
731 2285 934 2351 quare
959 2267 1318 2351 Eugraphii
1341 2273 1643 2350 tempora
1665 2267 1751 2331 ad
1778 2273 2041 2332 estatem
2066 2266 2375 2331 Gerbcrti
2402 2266 2752 2332 limitanda

553 2375 710 2432 sunt
729 2370 760 2432 ’ἲ
804 2367 942 2432 Pto
991 2367 1352 2452 recipiatur,
1394 2368 1576 2453 quod
1622 2369 1900 2434 relatum
1944 2367 2030 2432 ad
2061 2367 2525 2433 antecedentia
2553 2369 2751 2452 plane

551 2467 978 2552 ἀπροσδιόνυσον
1022 2477 1148 2550 est,
1193 2469 1546 2554 legendnm
1587 2489 1743 2535 esse
1792 2468 2067 2535 videtur
2120 2467 2513 2544 rescribatur,
2566 2469 2749 2552 quod

553 2574 791 2636 auctor
817 2591 968 2655 pro,
996 2571 1392 2652 describere,
1419 2573 1679 2657 posuit.
1768 2571 1949 2638 Nam
1972 2571 2058 2636 de
2086 2570 2295 2648 libris,
2315 2589 2447 2636 non
2476 2571 2561 2636 de
2584 2571 2749 2636 viris

555 2687 932 2737 sermonem
961 2691 1141 2750 csse,
1187 2673 1440 2737 mentio
1470 2672 1676 2736 Plinii
1706 2671 2077 2738 clarissime
2101 2672 2410 2737 ostendit.
2501 2671 2748 2756 Neque

551 2771 690 2836 alio
723 2791 928 2838 sensu
967 2772 1146 2838 idem
1190 2774 1594 2838 vocabulum
1641 2773 2078 2840 ‘rescribere’
2120 2771 2416 2857 epistola
2470 2789 2633 2838 vm.
2678 2793 2749 2858 p.

549 2872 704 2938 670.
747 2875 1031 2940 sumsit:
1073 2874 1502 2942 ‘Historiam
1537 2875 1709 2942 Julii
1756 2875 2054 2944 Caesaris
2099 2895 2146 2941 a
2191 2875 2484 2941 Domino
2513 2874 2749 2940 Acone

550 2973 822 3042 Abbate
837 2976 1258 3044 'terdonensi
1275 2979 1366 3044 ad
1379 2980 1871 3046 rescribendum
1891 2980 2085 3046 uobis
2106 2979 2449 3063 acquirite,
2474 2985 2550 3045 ut
2572 2993 2747 3061 quos

550 3097 766 3162 penes
809 3097 936 3143 nos
981 3080 1306 3145 habemus
1349 3080 1685 3158 habeatis,
1734 3089 1807 3146 et
1832 3080 2012 3164 quod
2043 3081 2408 3164 reperimus
2440 3080 2747 3162 speretis,

549 3181 598 3244 i.
625 3199 686 3244 e.
733 3184 890 3244 octo
919 3180 1256 3244 volumina
1283 3176 1546 3244 Boetii?
1632 3179 1857 3245 Etiam
1902 3185 2241 3263 postrema
2265 3179 2473 3243 verba
2499 3179 2749 3263 episto·

545 3279 634 3346 1oe
666 3281 912 3364 prioris
937 3279 1024 3344 de
1054 3279 1244 3345 libris
1277 3287 1502 3362 agunt.
1584 3280 1797 3345 subet
1852 3280 2029 3343 enim
2074 3279 2445 3345 Gerbertus
2496 3278 2749 3344 catalo-

550 3401 704 3463 gum
731 3381 973 3446 confici
1007 3381 1173 3467 (hoc
1201 3382 1379 3446 enim
1413 3382 1546 3446 sibi
1573 3383 1716 3448 vult
1756 3386 1777 3420 ‘
1796 3381 2130 3465 perscribi
2146 3378 2202 3466 ’)
2240 3379 2580 3459 librorum,
2628 3381 2745 3466 qui

552 3482 842 3547 Orbacis
869 3486 938 3547 et
966 3481 1144 3567 apud
1175 3487 1478 3546 sanctum
1507 3482 1828 3548 Basolum
1866 3482 2167 3567 (nomina
2192 3482 2747 3548 monasteriorum

548 3583 662 3649 vel
691 3583 979 3649 aliorum
1005 3583 1314 3649 locorum
1357 3603 1508 3649 esse
1553 3581 1897 3669 videntur)
1940 3584 2373 3668 reperiuntur.
2462 3583 2540 3650 Si
2588 3584 2746 3668 quis

548 3681 889 3751 literarum
925 3686 1162 3750 hanun
1199 3692 1460 3752 amator
1487 3694 1558 3752 et
1577 3687 1799 3771 judex
1830 3687 1901 3750 in
1929 3687 2273 3751 volumina
2299 3686 2525 3771 priora
2551 3686 2743 3752 chro-

546 3789 682 3853 nici
717 3789 806 3854 ab
853 3787 1156 3852 Henrico
1199 3787 1287 3851 de
1334 3788 1721 3855 Hervordia
1766 3789 2124 3872 conscripti
2162 3788 2503 3866 incideret,
2548 3789 2741 3874 cujus

549 3890 776 3973 operis
804 3889 1185 3973 posteriora
1211 3889 1619 3956 Helmstadii
1644 3891 1931 3970 versavi,
1952 3889 2235 3956 fortasse
2252 3890 2337 3954 de
2358 3889 2739 3974 Eugraphio

549 3991 859 4056 notitiam
887 3989 1262 4054 ulteriorem
1296 3993 1637 4074 reperiret.
1724 3992 1921 4057 Solet
1970 3992 2145 4059 enim
2192 3991 2740 4074 diligentissimus

550 4091 1092 4176 chronographus
1121 4079 1438 4157 auctores
1464 4092 1641 4158 haud
1672 4111 1929 4177 pancos
1956 4111 1995 4157 e
2016 4091 2491 4158 florentissima
2515 4092 2740 4156 litera·

543 4213 690 4260 rum
721 4191 1172 4260 Romanarum
1221 4199 1419 4260 aetate
1461 4195 1855 4262 nominatim
1900 4193 2254 4272 adducere,
2297 4192 2455 4260 loca
2502 4209 2737 4256 excer-
