3234 4934
634 391 722 457 22
1517 405 1931 456 ramnum.
1954 397 1967 412 “

635 549 1122 628 abbreviatum,
1145 547 1216 613 in
1240 550 1384 615 tab.
1407 547 1476 613 2.
1503 553 1894 627 memorata,
1912 565 2032 634 pro
2062 553 2083 582 ‘
2099 547 2216 613 us'
2243 549 2397 614 inde
2426 567 2471 614 a
2496 547 2672 615 Saec.
2704 565 2815 616 xl.

641 651 887 732 obvia3
916 652 1148 718 eadem
1177 671 1302 736 pro
1332 656 1353 685 ‘
1377 648 1576 734 post,’
1619 670 1679 716 e.
1727 669 1791 733 g.
1819 649 1891 714 in
1938 648 2306 734 ‘posthac,’
2332 651 2673 716 rarissime
2716 659 2819 718 ta·

636 772 831 833 men3
860 773 1188 838 nusquam
1237 752 1697 818 abbreviatura
1742 773 1869 836 pro
1920 751 2115 817 ‘con’
2160 771 2363 835 quam
2408 761 2647 819 auctor
2686 773 2818 818 non

639 865 790 920 ante
819 856 1011 922 finem
1039 857 1268 923 saeculi
1301 872 1446 922 xn.
1467 857 1749 921 invenit.
1836 855 1946 920 Ex
1984 855 2217 921 tabula
2260 856 2451 920 tertia
2482 855 2821 922 Mannerti

640 957 1106 1041 compendium
1145 978 1271 1042 pro
1319 962 1340 992 ‘
1357 955 1502 1023 est'
1549 957 1696 1022 sive
1724 957 1973 1023 lineola
2008 958 2443 1024 horizontalis
2470 958 2644 1022 inter
2682 959 2823 1024 duo

639 1065 911 1144 puncta,
959 1060 1136 1144 quod
1182 1059 1750 1125 Schoenemannus
1793 1080 1883 1124 ex
1910 1061 2091 1126 notis
2120 1061 2504 1125 Tironianis
2532 1059 2820 1137 derivat,

639 1161 843 1226 semel
869 1163 980 1225 vel
1017 1162 1123 1226 bis
1160 1163 1231 1226 in
1276 1161 1523 1246 glossis
1567 1162 1876 1241 occurrit,
1918 1181 2254 1246 nusquam
2282 1163 2349 1226 in
2378 1167 2588 1228 textu.
2676 1161 2820 1227 Ab·

638 1263 1034 1328 breviaturae
1091 1282 1216 1347 pro
1269 1266 1291 1296 ‘
1312 1262 1453 1342 est,’
1499 1267 1521 1297 ‘
1544 1261 1803 1345 gratia:
1864 1269 1887 1299 ‘
1905 1263 2123 1342 hunc,’
2174 1263 2440 1328 ‘modo'
2484 1264 2823 1330 rarissime

639 1368 887 1441 tamen,
941 1369 962 1399 ‘
981 1363 1161 1443 non,’
1212 1369 1235 1400 ‘
1255 1365 1416 1448 per,’
1469 1371 1492 1401 ‘
1511 1365 1699 1449 prae,’
1739 1371 1761 1402 ‘
1784 1365 1941 1451 pro’
1984 1367 2235 1433 tabulae
2274 1371 2525 1450 quartae
2561 1367 2819 1442 incisae,

640 1483 768 1551 pro
798 1470 819 1500 ‘
844 1466 1148 1544 scilicet:
1177 1471 1198 1500 ‘
1216 1466 1412 1531 vero’
1440 1469 1580 1532 tab.
1610 1468 1890 1551 quintae,
1918 1487 2041 1551 pro
2064 1472 2085 1506 ‘
2104 1466 2307 1545 esse,'
2352 1472 2375 1503 ‘
2399 1469 2612 1550 gratia
2630 1467 2649 1495 '
2680 1468 2820 1533 tab.

641 1569 962 1652 septimae,
981 1586 1104 1651 pro
1134 1572 1155 1602 ‘
1178 1569 1670 1648 misericordia‚'
1690 1570 1900 1635 semel
1919 1572 2057 1637 tab.
2076 1577 2365 1648 octavae,
2388 1589 2514 1653 pro
2542 1574 2564 1604 ‘
2580 1569 2822 1654 pater,’

642 1675 662 1708 ‘
682 1670 1039 1755 quoniam‚'
1066 1674 1088 1704 ‘
1107 1675 1382 1736 sanctus
1399 1671 1418 1697 '
1463 1673 1602 1737 tab.
1633 1691 1825 1737 nonoe
1847 1672 2052 1736 etiam
2081 1672 2151 1735 in
2188 1669 2423 1735 codice
2451 1676 2823 1736 occurrunt.

645 1771 1036 1837 Notandum
1073 1780 1290 1838 autem
1329 1773 1641 1841 lineolam
1678 1793 1947 1840 curvam
1976 1775 2043 1838 in
2064 1773 2173 1838 his
2196 1773 2444 1838 tabulis
2475 1773 2824 1838 vocabulis

642 1874 1032 1957 impositam
1059 1877 1270 1958 magis
1297 1882 1543 1940 rectam
1569 1895 1720 1941 esse
1746 1877 1815 1940 ln
1844 1876 2101 1953 codice,
2139 1875 2321 1960 quod
2360 1874 2617 1956 signum
2657 1875 2825 1939 anti-

644 1975 922 2061 quitatis
976 1995 1124 2040 esse
1163 1984 1388 2043 monet
1435 1979 1865 2060 Mannertus;
1910 1977 2147 2043 deinde
2194 1978 2549 2061 pauciores
2594 1975 2825 2059 depre-

643 2073 838 2142 hendi
871 2079 1372 2145 abbreviaturas
1413 2081 1478 2145 in
1517 2089 1710 2147 textu
1742 2079 2262 2157 Comoediarum,
2308 2080 2533 2163 plures
2561 2078 2635 2142 in
2676 2097 2831 2161 pro-

643 2175 1022 2258 legomeniS,
1055 2187 1123 2244 et
1147 2181 1362 2246 adhuc
1399 2182 1623 2265 plures
1652 2185 1721 2247 in
1750 2183 2016 2264 glossis,
2046 2183 2111 2246 in
2132 2182 2375 2264 quibus
2398 2181 2598 2245 etiam
2618 2179 2827 2244 semel

647 2278 714 2342 in
730 2282 1058 2345 vocabulo
1088 2285 1110 2316 ‘
1130 2284 1604 2367 compendiose
1620 2284 1639 2311 ’
1666 2303 1790 2367 pro
1812 2284 2077 2367 syllaba
2105 2290 2124 2320 ⁸
2145 2302 2297 2346 com
2318 2281 2336 2308 ’
2362 2282 2827 2366 compendium

645 2380 826 2444 istud
851 2384 1014 2460 vidi,
1044 2386 1230 2468 quod
1257 2391 1448 2450 extat
1472 2387 1610 2451 tab.
1638 2387 1703 2450 9.
1745 2392 1815 2451 et
1840 2385 1960 2450 fini
2008 2384 2247 2450 saeculi
2280 2399 2423 2448 xli.
2456 2382 2826 2448 ascribitur.

647 2477 918 2546 Adsunt
939 2485 1137 2548 etiam
1154 2486 1228 2549 in
1254 2484 1490 2551 codice
1520 2487 1923 2570 compendia
1942 2488 2315 2569 scripturae,
2342 2505 2499 2570 quae
2518 2485 2828 2550 Manner·

647 2587 758 2648 tus
786 2603 915 2649 non
936 2587 1202 2669 profert,
1229 2608 1288 2653 e.
1315 2609 1376 2671 g.
1406 2576 1438 2651 ῒ
1465 2607 1590 2672 pro
1622 2592 1642 2622 ‘
1662 2587 1810 2665 vel:
1828 2588 2050 2652 ubivis
2070 2588 2137 2650 in
2162 2587 2429 2670 glossiS,
2455 2587 2656 2652 semel
2684 2595 2829 2652 tan·

647 2690 787 2750 tum
815 2688 886 2752 in
910 2696 1096 2753 textu
1125 2690 1432 2770 obvium3
1476 2678 1554 2752 id'
1586 2706 1709 2773 pro
1754 2686 1865 2752 ‘id
1894 2684 2030 2752 est’
2058 2688 2401 2753 usitatum.
2490 2687 2596 2754 De
2618 2689 2829 2754 omni-

646 2787 775 2851 bus
807 2789 1289 2855 abbreviaturis
1316 2789 1675 2856 universim
1718 2790 2044 2874 spectatis
2073 2791 2272 2868 valet,
2303 2790 2654 2867 vocabula,
2695 2809 2831 2856 non

651 2889 1204 2975 quotiescumque
1249 2899 1629 2967 occurrunt,
1674 2891 1873 2956 modo
1922 2889 2213 2956 adducto
2269 2892 2667 2968 abbreviari,
2710 2891 2831 2958 sed

649 2989 783 3054 alia
811 3011 1019 3076 saepe,
1051 2994 1189 3060 alia
1215 2995 1568 3072 interdum,
1603 2994 1738 3058 alia
1780 3011 1960 3071 raro,
2005 2993 2113 3057 vel
2156 2993 2511 3058 rarissime.
2600 2993 2681 3058 In
2725 2993 2833 3058 his

648 3111 809 3158 vero
839 3096 1450 3162 abbreviationibus
1479 3097 1911 3180 paucissimae
1942 3103 2161 3173 erunt,
2184 3115 2337 3178 quoe
2366 3115 2498 3160 non
2516 3095 2663 3179 jam
2686 3096 2833 3160 Sae-

651 3193 808 3258 culo
853 3211 931 3258 x.
978 3199 1084 3261 vel
1137 3213 1247 3261 xi.
1303 3199 1390 3262 int
1423 3197 1769 3261 codicibus
1814 3196 2257 3262 obtinuerunt.
2348 3195 2831 3281 compendium

651 3295 983 3360 scribendi
1038 3307 1142 3376 θ,
1189 3317 1324 3382 quo
1363 3317 1600 3362 nomen
1646 3296 1943 3362 Terentii
1988 3299 2379 3380 exprimitur
2420 3298 2492 3362 in
2540 3297 2831 3381 Prologo

651 3393 987 3475 Eunuchi,
1015 3400 1182 3463 inter
1208 3405 1406 3463 notas
1433 3397 1839 3463 Tironianas
1865 3399 2273 3464 referendum
2300 3419 2449 3465 esse
2476 3400 2761 3465 videtur.

738 3495 896 3562 Alia
924 3499 1174 3565 indicia
1203 3500 1463 3578 saeculi,
1496 3500 1603 3564 cui
1632 3499 1935 3564 codicem
1965 3502 2340 3580 tribuimus,
2376 3509 2529 3567 sunt
2550 3521 2831 3586 sequen-

652 3600 768 3664 tia.
855 3600 1319 3684 Diphthongus
1347 3623 1396 3666 a
1421 3620 1751 3685 nusquam
1792 3603 2105 3668 scribitur
2150 3624 2271 3687 per
2294 3625 2328 3668 e
2358 3605 2671 3689 simplex,
2714 3604 2834 3670 sed

651 3721 774 3786 per
799 3723 848 3765 ω
872 3703 979 3766 vel
1011 3723 1044 3800 ς
1072 3704 1450 3782 caudatum,
1476 3711 1549 3769 et
1578 3705 1853 3788 quidem
1884 3707 2087 3789 priori
2114 3706 2321 3770 forma
2348 3708 2603 3791 saepius
2628 3725 2833 3789 quam

652 3805 1054 3889 posteriori3
1097 3805 1540 3889 diphthongus
1565 3826 1617 3868 ω
1653 3825 1773 3889 per
1798 3827 1887 3869 oe.
1974 3806 2199 3872 Litera
2238 3807 2264 3870 i
2302 3809 2553 3890 ubique
2578 3815 2837 3891 puncto

653 3907 762 3972 vel
796 3913 1071 3972 accentu
1116 3915 1316 3972 caret.
1403 3907 1538 3971 Ubi
1569 3909 1785 3985 adest,
1821 3909 2187 3973 certissime
2227 3929 2271 3974 a
2307 3910 2605 3992 sequiori
2632 3927 2831 3974 manu

655 4008 1018 4092 ascriptum
1075 4015 1198 4074 est.
1287 4007 1471 4087 Quin
1508 4008 1661 4076 duee
1701 4010 1911 4074 literae
1958 4010 2009 4072 ii
2046 4012 2421 4092 continguae
2448 4011 2833 4075 accentibus

656 4117 904 4185 carent,
932 4129 988 4174 e.
1017 4129 1077 4190 g.
1107 4110 1174 4172 in
1207 4113 1228 4142 ‘
1247 4109 1544 4192 ntiptiis,’
1594 4115 1614 4144 ‘
1636 4110 1833 4188 aliis:
1879 4117 1899 4146 ‘
1922 4112 2083 4189 Dii:
2129 4118 2150 4147 ‘
2176 4111 2411 4194 periit,’
2454 4117 2475 4146 ‘
2496 4111 2675 4188 abii:
2702 4119 2830 4176 etc.

657 4215 724 4274 et
751 4228 896 4273 cum
921 4212 1070 4279 inde
1093 4233 1134 4275 a
1153 4213 1403 4276 saeculo
1429 4227 1567 4275 xii.
1593 4219 1909 4276 accentus
1942 4214 2221 4296 ascripti
2250 4215 2401 4290 sint,
2430 4217 2522 4290 (v.
2556 4212 2835 4277 Sckoene-
