<?xml version="1.0" encoding="UTF-8"?>
<!DOCTYPE html PUBLIC "-//W3C//DTD XHTML 1.0 Transitional//EN"
    "http://www.w3.org/TR/xhtml1/DTD/xhtml1-transitional.dtd">
<html xmlns="http://www.w3.org/1999/xhtml" xml:lang="en" lang="en">
 <head>
  <title>
</title>
<meta http-equiv="Content-Type" content="text/html;charset=utf-8" />
  <meta name='ocr-system' content='tesseract 3.04.00' />
  <meta name='ocr-capabilities' content='ocr_page ocr_carea ocr_par ocr_line ocrx_word'/>
</head>
<body>
  <div class='ocr_page' id='page_1' title='image "./comoedisex10westgoog_0239.png"; bbox 0 0 3234 4934; ppageno 0'>
   <div class='ocr_carea' id='block_1_1' title="bbox 1107 402 2613 467">
    <p class='ocr_par' dir='ltr' id='par_1_1' title="bbox 1107 402 2613 467">
     <span class='ocr_line' id='line_1_1' title="bbox 1107 402 2613 467; baseline 0.003 -4"><span class='ocrx_word' id='word_1_1' title='bbox 1107 416 1206 463; x_wconf 80' lang='lat' dir='ltr'><strong>nn</strong></span> <span class='ocrx_word' id='word_1_2' title='bbox 1255 414 1530 465; x_wconf 66' lang='lat' dir='ltr'><strong>uernis</strong></span> <span class='ocrx_word' id='word_1_3' title='bbox 1576 414 1906 465; x_wconf 74' lang='lat' dir='ltr'><strong>comicis,</strong></span> <span class='ocrx_word' id='word_1_4' title='bbox 2484 402 2613 467; x_wconf 77' lang='lat'><strong>231</strong></span> 
     </span>
    </p>
   </div>
   <div class='ocr_carea' id='block_1_2' title="bbox 415 554 2633 4255">
    <p class='ocr_par' dir='ltr' id='par_1_2' title="bbox 415 554 2611 731">
     <span class='ocr_line' id='line_1_2' title="bbox 415 554 2611 637; baseline 0.002 -22"><span class='ocrx_word' id='word_1_5' title='bbox 415 558 584 633; x_wconf 57' lang='lat' dir='ltr'><strong>‚tione</strong></span> <span class='ocrx_word' id='word_1_6' title='bbox 609 557 850 637; x_wconf 76' lang='lat' dir='ltr'><strong>longam</strong></span> <span class='ocrx_word' id='word_1_7' title='bbox 891 554 1125 630; x_wconf 86' lang='lat' dir='ltr'><strong>reddat,</strong></span> <span class='ocrx_word' id='word_1_8' title='bbox 1169 554 1360 618; x_wconf 82' lang='lat' dir='ltr'><strong>velut</strong></span> <span class='ocrx_word' id='word_1_9' title='bbox 1382 554 1606 617; x_wconf 82' lang='lat' dir='ltr'><strong>vocalis</strong></span> <span class='ocrx_word' id='word_1_10' title='bbox 1634 554 1849 627; x_wconf 77' lang='lat' dir='ltr'><strong>finalis,</strong></span> <span class='ocrx_word' id='word_1_11' title='bbox 1898 574 2033 635; x_wconf 77' lang='lat' dir='ltr'><strong>quae</strong></span> <span class='ocrx_word' id='word_1_12' title='bbox 2064 565 2463 635; x_wconf 77' lang='lat' dir='ltr'><strong>praecesserat,</strong></span> <span class='ocrx_word' id='word_1_13' title='bbox 2490 577 2611 619; x_wconf 89' lang='lat' dir='ltr'><strong>non</strong></span> 
     </span>
     <span class='ocr_line' id='line_1_3' title="bbox 421 650 2449 731; baseline -0.001 -18"><span class='ocrx_word' id='word_1_14' title='bbox 421 650 694 713; x_wconf 73' lang='lat' dir='ltr'><strong>elidatur.</strong></span> <span class='ocrx_word' id='word_1_15' title='bbox 777 652 909 714; x_wconf 87' lang='lat' dir='ltr'><strong>Hoc</strong></span> <span class='ocrx_word' id='word_1_16' title='bbox 937 652 1156 712; x_wconf 84' lang='lat' dir='ltr'><strong>Plauto</strong></span> <span class='ocrx_word' id='word_1_17' title='bbox 1181 660 1570 731; x_wconf 79' lang='lat' dir='ltr'><strong>perpetuum:</strong></span> <span class='ocrx_word' id='word_1_18' title='bbox 1613 650 1719 711; x_wconf 91' lang='lat' dir='ltr'><strong>sed</strong></span> <span class='ocrx_word' id='word_1_19' title='bbox 1756 650 2063 711; x_wconf 78' lang='lat' dir='ltr'><strong>Terentius</strong></span> <span class='ocrx_word' id='word_1_20' title='bbox 2086 652 2449 731; x_wconf 79' lang='lat' dir='ltr'>parcissime.</span> 
     </span>
    </p>

    <p class='ocr_par' dir='ltr' id='par_1_3' title="bbox 423 744 2613 1301">
     <span class='ocr_line' id='line_1_4' title="bbox 507 744 2608 826; baseline 0 -20"><span class='ocrx_word' id='word_1_21' title='bbox 507 748 658 807; x_wconf 78' lang='lat' dir='ltr'><strong>Haec</strong></span> <span class='ocrx_word' id='word_1_22' title='bbox 685 758 880 808; x_wconf 85' lang='lat' dir='ltr'><strong>autem</strong></span> <span class='ocrx_word' id='word_1_23' title='bbox 900 766 976 808; x_wconf 82' lang='lat' dir='ltr'><strong>ea</strong></span> <span class='ocrx_word' id='word_1_24' title='bbox 1001 747 1122 809; x_wconf 78' lang='lat' dir='ltr'><strong>fere</strong></span> <span class='ocrx_word' id='word_1_25' title='bbox 1151 756 1294 807; x_wconf 87' lang='lat' dir='ltr'><strong>sunt</strong></span> <span class='ocrx_word' id='word_1_26' title='bbox 1315 766 1450 826; x_wconf 80' lang='lat' dir='ltr'><strong>quoe</strong></span> <span class='ocrx_word' id='word_1_27' title='bbox 1479 744 1556 806; x_wconf 91' lang='lat' dir='ltr'><strong>de</strong></span> <span class='ocrx_word' id='word_1_28' title='bbox 1581 745 1833 807; x_wconf 78' lang='lat' dir='ltr'><strong>licentiis</strong></span> <span class='ocrx_word' id='word_1_29' title='bbox 1861 744 2117 807; x_wconf 88' lang='lat' dir='ltr'><strong>dicenda</strong></span> <span class='ocrx_word' id='word_1_30' title='bbox 2140 746 2341 819; x_wconf 84' lang='lat' dir='ltr'><strong>habui,</strong></span> <span class='ocrx_word' id='word_1_31' title='bbox 2359 767 2608 826; x_wconf 84' lang='lat' dir='ltr'><strong>quarum</strong></span> 
     </span>
     <span class='ocr_line' id='line_1_5' title="bbox 424 841 2612 923; baseline 0 -21"><span class='ocrx_word' id='word_1_32' title='bbox 424 842 714 922; x_wconf 84' lang='lat' dir='ltr'><strong>quasdam</strong></span> <span class='ocrx_word' id='word_1_33' title='bbox 769 843 832 903; x_wconf 90' lang='lat' dir='ltr'><strong>in</strong></span> <span class='ocrx_word' id='word_1_34' title='bbox 895 841 1196 923; x_wconf 79' lang='lat' dir='ltr'><strong>prosodiae</strong></span> <span class='ocrx_word' id='word_1_35' title='bbox 1269 842 1434 921; x_wconf 81' lang='lat' dir='ltr'><strong>leg-es</strong></span> <span class='ocrx_word' id='word_1_36' title='bbox 1462 852 1526 901; x_wconf 86' lang='lat' dir='ltr'><strong>et</strong></span> <span class='ocrx_word' id='word_1_37' title='bbox 1577 841 1995 920; x_wconf 87' lang='lat' dir='ltr'><strong>pronuntiandi</strong></span> <span class='ocrx_word' id='word_1_38' title='bbox 2048 842 2309 903; x_wconf 85' lang='lat' dir='ltr'><strong>rationes</strong></span> <span class='ocrx_word' id='word_1_39' title='bbox 2372 844 2612 903; x_wconf 86' lang='lat' dir='ltr'><strong>nimium</strong></span> 
     </span>
     <span class='ocr_line' id='line_1_6' title="bbox 423 934 2609 1018; baseline -0 -19"><span class='ocrx_word' id='word_1_40' title='bbox 423 956 670 1018; x_wconf 85' lang='lat' dir='ltr'><strong>peccare</strong></span> <span class='ocrx_word' id='word_1_41' title='bbox 694 957 816 999; x_wconf 88' lang='lat' dir='ltr'><strong>non</strong></span> <span class='ocrx_word' id='word_1_42' title='bbox 841 937 1210 998; x_wconf 85' lang='lat' dir='ltr'><strong>diffitendum</strong></span> <span class='ocrx_word' id='word_1_43' title='bbox 1236 946 1350 999; x_wconf 85' lang='lat' dir='ltr'><strong>est.</strong></span> <span class='ocrx_word' id='word_1_44' title='bbox 1433 934 1552 997; x_wconf 87' lang='lat' dir='ltr'><strong>Sed</strong></span> <span class='ocrx_word' id='word_1_45' title='bbox 1595 936 1729 995; x_wconf 80' lang='lat' dir='ltr'><strong>istae</strong></span> <span class='ocrx_word' id='word_1_46' title='bbox 1754 935 2055 1015; x_wconf 81' lang='lat' dir='ltr'><strong>pleraeque</strong></span> <span class='ocrx_word' id='word_1_47' title='bbox 2080 955 2285 999; x_wconf 86' lang='lat' dir='ltr'><strong>omnes</strong></span> <span class='ocrx_word' id='word_1_48' title='bbox 2316 936 2609 998; x_wconf 81' lang='lat' dir='ltr'><strong>Plautinoe</strong></span> 
     </span>
     <span class='ocr_line' id='line_1_7' title="bbox 427 1029 2613 1111; baseline 0 -18"><span class='ocrx_word' id='word_1_49' title='bbox 427 1044 606 1102; x_wconf 69' lang='lat' dir='ltr'><strong>suntz</strong></span> <span class='ocrx_word' id='word_1_50' title='bbox 635 1034 940 1095; x_wconf 86' lang='lat' dir='ltr'><strong>Terentius</strong></span> <span class='ocrx_word' id='word_1_51' title='bbox 970 1040 1032 1095; x_wconf 87' lang='lat' dir='ltr'><strong>et</strong></span> <span class='ocrx_word' id='word_1_52' title='bbox 1045 1029 1284 1093; x_wconf 84' lang='lat' dir='ltr'><strong>modum</strong></span> <span class='ocrx_word' id='word_1_53' title='bbox 1305 1031 1590 1105; x_wconf 76' lang='lat' dir='ltr'><strong>adhibuit,</strong></span> <span class='ocrx_word' id='word_1_54' title='bbox 1611 1031 1773 1111; x_wconf 87' lang='lat' dir='ltr'><strong>quod</strong></span> <span class='ocrx_word' id='word_1_55' title='bbox 1796 1030 1873 1091; x_wconf 86' lang='lat' dir='ltr'><strong>ad</strong></span> <span class='ocrx_word' id='word_1_56' title='bbox 1902 1031 2266 1093; x_wconf 82' lang='lat' dir='ltr'><strong>licentiarum</strong></span> <span class='ocrx_word' id='word_1_57' title='bbox 2290 1053 2613 1106; x_wconf 88' lang='lat' dir='ltr'><strong>numerum,</strong></span> 
     </span>
     <span class='ocr_line' id='line_1_8' title="bbox 423 1126 2612 1208; baseline 0 -20"><span class='ocrx_word' id='word_1_58' title='bbox 423 1137 488 1188; x_wconf 88' lang='lat' dir='ltr'><strong>et</strong></span> <span class='ocrx_word' id='word_1_59' title='bbox 513 1129 656 1189; x_wconf 91' lang='lat' dir='ltr'><strong>miro</strong></span> <span class='ocrx_word' id='word_1_60' title='bbox 683 1127 920 1190; x_wconf 89' lang='lat' dir='ltr'><strong>delectu</strong></span> <span class='ocrx_word' id='word_1_61' title='bbox 945 1146 1092 1190; x_wconf 83' lang='lat' dir='ltr'><strong>usus</strong></span> <span class='ocrx_word' id='word_1_62' title='bbox 1121 1135 1237 1201; x_wconf 84' lang='lat' dir='ltr'><strong>est,</strong></span> <span class='ocrx_word' id='word_1_63' title='bbox 1263 1126 1426 1205; x_wconf 89' lang='lat' dir='ltr'><strong>quod</strong></span> <span class='ocrx_word' id='word_1_64' title='bbox 1469 1126 1546 1187; x_wconf 84' lang='lat' dir='ltr'><strong>ad</strong></span> <span class='ocrx_word' id='word_1_65' title='bbox 1587 1144 1789 1188; x_wconf 87' lang='lat' dir='ltr'><strong>earum</strong></span> <span class='ocrx_word' id='word_1_66' title='bbox 1836 1146 2075 1207; x_wconf 81' lang='lat' dir='ltr'><strong>genera,</strong></span> <span class='ocrx_word' id='word_1_67' title='bbox 2111 1137 2172 1188; x_wconf 87' lang='lat' dir='ltr'><strong>et</strong></span> <span class='ocrx_word' id='word_1_68' title='bbox 2200 1146 2236 1187; x_wconf 90' lang='lat' dir='ltr'><strong>a</strong></span> <span class='ocrx_word' id='word_1_69' title='bbox 2263 1147 2380 1189; x_wconf 88' lang='lat' dir='ltr'><strong>non</strong></span> <span class='ocrx_word' id='word_1_70' title='bbox 2408 1130 2612 1208; x_wconf 79' lang='lat' dir='ltr'><strong>paucis</strong></span> 
     </span>
     <span class='ocr_line' id='line_1_9' title="bbox 423 1222 2076 1301; baseline -0.002 -19"><span class='ocrx_word' id='word_1_71' title='bbox 423 1222 662 1301; x_wconf 84' lang='lat' dir='ltr'><strong>penitus</strong></span> <span class='ocrx_word' id='word_1_72' title='bbox 691 1222 996 1285; x_wconf 77' lang='lat' dir='ltr'><strong>abstinuit.</strong></span> <span class='ocrx_word' id='word_1_73' title='bbox 2059 1224 2076 1231; x_wconf 84' lang='grc'><em>”</em></span> 
     </span>
    </p>

    <p class='ocr_par' dir='ltr' id='par_1_4' title="bbox 423 1316 2620 2804">
     <span class='ocr_line' id='line_1_10' title="bbox 507 1316 2611 1396; baseline 0.001 -21"><span class='ocrx_word' id='word_1_74' title='bbox 507 1316 568 1377; x_wconf 88' lang='lat' dir='ltr'><strong>Is</strong></span> <span class='ocrx_word' id='word_1_75' title='bbox 597 1317 833 1396; x_wconf 90' lang='lat' dir='ltr'><strong>quidem</strong></span> <span class='ocrx_word' id='word_1_76' title='bbox 875 1328 998 1378; x_wconf 84' lang='lat' dir='ltr'><strong>tam</strong></span> <span class='ocrx_word' id='word_1_77' title='bbox 1043 1326 1211 1377; x_wconf 87' lang='lat' dir='ltr'><strong>caste</strong></span> <span class='ocrx_word' id='word_1_78' title='bbox 1255 1316 1395 1394; x_wconf 79' lang='lat' dir='ltr'><strong>egit,</strong></span> <span class='ocrx_word' id='word_1_79' title='bbox 1419 1325 1541 1375; x_wconf 86' lang='lat' dir='ltr'><strong>tam</strong></span> <span class='ocrx_word' id='word_1_80' title='bbox 1570 1334 1785 1394; x_wconf 86' lang='lat' dir='ltr'><strong>parcus</strong></span> <span class='ocrx_word' id='word_1_81' title='bbox 1814 1316 1926 1376; x_wconf 88' lang='lat' dir='ltr'><strong>fuit</strong></span> <span class='ocrx_word' id='word_1_82' title='bbox 1971 1318 2031 1375; x_wconf 88' lang='lat' dir='ltr'><strong>in</strong></span> <span class='ocrx_word' id='word_1_83' title='bbox 2074 1317 2325 1379; x_wconf 77' lang='lat' dir='ltr'><strong>licentiis</strong></span> <span class='ocrx_word' id='word_1_84' title='bbox 2354 1319 2611 1390; x_wconf 88' lang='lat' dir='ltr'><strong>utendis,</strong></span> 
     </span>
     <span class='ocr_line' id='line_1_11' title="bbox 423 1410 2615 1492; baseline 0 -22"><span class='ocrx_word' id='word_1_85' title='bbox 423 1410 498 1471; x_wconf 88' lang='lat' dir='ltr'><strong>iis</strong></span> <span class='ocrx_word' id='word_1_86' title='bbox 519 1410 846 1492; x_wconf 69' lang='lat' dir='ltr'><strong>praesertim</strong></span> <span class='ocrx_word' id='word_1_87' title='bbox 873 1424 1009 1489; x_wconf 61' lang='lat' dir='ltr'><strong>quae</strong></span> <span class='ocrx_word' id='word_1_88' title='bbox 1048 1428 1220 1470; x_wconf 79' lang='lat' dir='ltr'><strong>veras</strong></span> <span class='ocrx_word' id='word_1_89' title='bbox 1245 1411 1551 1470; x_wconf 80' lang='lat' dir='ltr'><strong>verborum</strong></span> <span class='ocrx_word' id='word_1_90' title='bbox 1578 1410 1939 1487; x_wconf 80' lang='lat' dir='ltr'><strong>quantitates</strong></span> <span class='ocrx_word' id='word_1_91' title='bbox 1968 1423 2189 1490; x_wconf 83' lang='lat' dir='ltr'><strong>augent</strong></span> <span class='ocrx_word' id='word_1_92' title='bbox 2219 1423 2397 1492; x_wconf 85' lang='lat' dir='ltr'><strong>atque</strong></span> <span class='ocrx_word' id='word_1_93' title='bbox 2421 1414 2615 1472; x_wconf 90' lang='lat' dir='ltr'><strong>inten-</strong></span> 
     </span>
     <span class='ocr_line' id='line_1_12' title="bbox 425 1498 2615 1591; baseline 0.001 -26"><span class='ocrx_word' id='word_1_94' title='bbox 425 1505 600 1578; x_wconf 85' lang='lat' dir='ltr'><strong>dunt,</strong></span> <span class='ocrx_word' id='word_1_95' title='bbox 627 1498 694 1567; x_wconf 83' lang='lat' dir='ltr'><strong>ut</strong></span> <span class='ocrx_word' id='word_1_96' title='bbox 723 1526 880 1585; x_wconf 82' lang='lat' dir='ltr'><strong>soepe</strong></span> <span class='ocrx_word' id='word_1_97' title='bbox 923 1506 986 1565; x_wconf 90' lang='lat' dir='ltr'><strong>in</strong></span> <span class='ocrx_word' id='word_1_98' title='bbox 1029 1505 1320 1577; x_wconf 80' lang='lat' dir='ltr'><strong>iambicis,</strong></span> <span class='ocrx_word' id='word_1_99' title='bbox 1362 1524 1496 1565; x_wconf 90' lang='lat' dir='ltr'><strong>cum</strong></span> <span class='ocrx_word' id='word_1_100' title='bbox 1543 1502 1841 1567; x_wconf 83' lang='lat' dir='ltr'><strong>licentiam</strong></span> <span class='ocrx_word' id='word_1_101' title='bbox 1886 1508 2209 1568; x_wconf 87' lang='lat' dir='ltr'><strong>adhibitam</strong></span> <span class='ocrx_word' id='word_1_102' title='bbox 2237 1520 2433 1591; x_wconf 86' lang='lat' dir='ltr'><strong>putes,</strong></span> <span class='ocrx_word' id='word_1_103' title='bbox 2474 1509 2615 1568; x_wconf 87' lang='lat' dir='ltr'><strong>dum</strong></span> 
     </span>
     <span class='ocr_line' id='line_1_13' title="bbox 425 1596 2617 1681; baseline 0.001 -21"><span class='ocrx_word' id='word_1_104' title='bbox 425 1600 490 1661; x_wconf 90' lang='lat' dir='ltr'><strong>in</strong></span> <span class='ocrx_word' id='word_1_105' title='bbox 515 1601 769 1679; x_wconf 83' lang='lat' dir='ltr'><strong>legendo</strong></span> <span class='ocrx_word' id='word_1_106' title='bbox 810 1600 1089 1680; x_wconf 78' lang='lat' dir='ltr'><strong>legitimae</strong></span> <span class='ocrx_word' id='word_1_107' title='bbox 1137 1596 1603 1681; x_wconf 76' lang='lat' dir='ltr'><strong>pronuntiationi</strong></span> <span class='ocrx_word' id='word_1_108' title='bbox 1647 1610 1709 1663; x_wconf 90' lang='lat' dir='ltr'><strong>et</strong></span> <span class='ocrx_word' id='word_1_109' title='bbox 1756 1603 2002 1663; x_wconf 88' lang='lat' dir='ltr'><strong>sectioni</strong></span> <span class='ocrx_word' id='word_1_110' title='bbox 2037 1606 2100 1662; x_wconf 87' lang='lat' dir='ltr'><strong>in</strong></span> <span class='ocrx_word' id='word_1_111' title='bbox 2128 1603 2481 1665; x_wconf 73' lang='lat' dir='ltr'><strong>ditrochaeo-s</strong></span> <span class='ocrx_word' id='word_1_112' title='bbox 2508 1604 2617 1663; x_wconf 87' lang='lat' dir='ltr'><strong>ob-</strong></span> 
     </span>
     <span class='ocr_line' id='line_1_14' title="bbox 427 1697 2617 1778; baseline 0.001 -21"><span class='ocrx_word' id='word_1_113' title='bbox 427 1704 718 1777; x_wconf 84' lang='lat' dir='ltr'><strong>temperas</strong></span> <span class='ocrx_word' id='word_1_114' title='bbox 740 1716 757 1765; x_wconf 87' lang='lat'>;</span> <span class='ocrx_word' id='word_1_115' title='bbox 805 1697 856 1757; x_wconf 86' lang='lat' dir='ltr'><strong>si</strong></span> <span class='ocrx_word' id='word_1_116' title='bbox 883 1706 1080 1759; x_wconf 84' lang='lat' dir='ltr'><strong>tamen</strong></span> <span class='ocrx_word' id='word_1_117' title='bbox 1118 1716 1350 1759; x_wconf 81' lang='lat' dir='ltr'><strong>versum</strong></span> <span class='ocrx_word' id='word_1_118' title='bbox 1376 1698 1455 1757; x_wconf 91' lang='lat' dir='ltr'><strong>ad</strong></span> <span class='ocrx_word' id='word_1_119' title='bbox 1481 1716 1655 1757; x_wconf 81' lang='lat' dir='ltr'><strong>veros</strong></span> <span class='ocrx_word' id='word_1_120' title='bbox 1680 1697 1867 1777; x_wconf 87' lang='lat' dir='ltr'><strong>pedes</strong></span> <span class='ocrx_word' id='word_1_121' title='bbox 1894 1698 2124 1778; x_wconf 82' lang='lat' dir='ltr'><strong>exigas,</strong></span> <span class='ocrx_word' id='word_1_122' title='bbox 2150 1699 2373 1759; x_wconf 87' lang='lat' dir='ltr'><strong>nullam</strong></span> <span class='ocrx_word' id='word_1_123' title='bbox 2401 1699 2453 1758; x_wconf 89' lang='lat' dir='ltr'><strong>ei</strong></span> <span class='ocrx_word' id='word_1_124' title='bbox 2484 1720 2617 1760; x_wconf 88' lang='lat' dir='ltr'><strong>sus·</strong></span> 
     </span>
     <span class='ocr_line' id='line_1_15' title="bbox 424 1792 2614 1874; baseline 0 -21"><span class='ocrx_word' id='word_1_125' title='bbox 424 1792 713 1853; x_wconf 86' lang='lat' dir='ltr'><strong>tentando</strong></span> <span class='ocrx_word' id='word_1_126' title='bbox 741 1792 1037 1853; x_wconf 84' lang='lat' dir='ltr'><strong>licentiam</strong></span> <span class='ocrx_word' id='word_1_127' title='bbox 1065 1794 1458 1854; x_wconf 87' lang='lat' dir='ltr'><strong>necessariam</strong></span> <span class='ocrx_word' id='word_1_128' title='bbox 1501 1812 1639 1854; x_wconf 87' lang='lat' dir='ltr'><strong>esse</strong></span> <span class='ocrx_word' id='word_1_129' title='bbox 1679 1793 2111 1874; x_wconf 82' lang='lat' dir='ltr'><strong>deprehendas.</strong></span> <span class='ocrx_word' id='word_1_130' title='bbox 2190 1793 2345 1854; x_wconf 88' lang='lat' dir='ltr'><strong>Vide</strong></span> <span class='ocrx_word' id='word_1_131' title='bbox 2373 1794 2531 1852; x_wconf 91' lang='lat' dir='ltr'><strong>And.</strong></span> <span class='ocrx_word' id='word_1_132' title='bbox 2564 1813 2614 1853; x_wconf 88' lang='lat'><strong>1.</strong></span> 
     </span>
     <span class='ocr_line' id='line_1_16' title="bbox 429 1887 2613 1950; baseline -0.001 -1"><span class='ocrx_word' id='word_1_133' title='bbox 429 1893 491 1949; x_wconf 88' lang='grc'><strong>5.</strong></span> <span class='ocrx_word' id='word_1_134' title='bbox 523 1888 660 1949; x_wconf 81' lang='lat'><strong>54.·</strong></span> <span class='ocrx_word' id='word_1_135' title='bbox 715 1888 874 1948; x_wconf 87' lang='lat' dir='ltr'><strong>And.</strong></span> <span class='ocrx_word' id='word_1_136' title='bbox 905 1906 952 1947; x_wconf 90' lang='lat'><strong>1.</strong></span> <span class='ocrx_word' id='word_1_137' title='bbox 980 1891 1040 1949; x_wconf 89' lang='lat'><strong>5.</strong></span> <span class='ocrx_word' id='word_1_138' title='bbox 1075 1887 1205 1948; x_wconf 57' lang='lat'><strong>145</strong></span> <span class='ocrx_word' id='word_1_139' title='bbox 1259 1888 1418 1947; x_wconf 85' lang='lat' dir='ltr'><strong>And.</strong></span> <span class='ocrx_word' id='word_1_140' title='bbox 1443 1906 1539 1947; x_wconf 68' lang='grc' dir='ltr'><strong>ιν.</strong></span> <span class='ocrx_word' id='word_1_141' title='bbox 1562 1890 1618 1949; x_wconf 89' lang='grc'><strong>1.</strong></span> <span class='ocrx_word' id='word_1_142' title='bbox 1641 1890 1741 1947; x_wconf 88' lang='lat'><strong>58.</strong></span> <span class='ocrx_word' id='word_1_143' title='bbox 1790 1888 1945 1947; x_wconf 89' lang='lat' dir='ltr'><strong>Eun.</strong></span> <span class='ocrx_word' id='word_1_144' title='bbox 1969 1908 2082 1949; x_wconf 77' lang='grc' dir='ltr'><strong>ιιι.</strong></span> <span class='ocrx_word' id='word_1_145' title='bbox 2106 1892 2165 1950; x_wconf 88' lang='grc'><strong>5.</strong></span> <span class='ocrx_word' id='word_1_146' title='bbox 2194 1891 2287 1949; x_wconf 80' lang='lat'><strong>12.</strong></span> <span class='ocrx_word' id='word_1_147' title='bbox 2339 1890 2491 1949; x_wconf 85' lang='lat' dir='ltr'><strong>Eun.</strong></span> <span class='ocrx_word' id='word_1_148' title='bbox 2518 1908 2613 1948; x_wconf 76' lang='grc' dir='ltr'><strong>ιν.</strong></span> 
     </span>
     <span class='ocr_line' id='line_1_17' title="bbox 431 1980 2619 2045; baseline 0.001 -2"><span class='ocrx_word' id='word_1_149' title='bbox 431 1985 490 2045; x_wconf 87' lang='grc'><strong>3.</strong></span> <span class='ocrx_word' id='word_1_150' title='bbox 520 1986 622 2045; x_wconf 80' lang='lat'><strong>23.</strong></span> <span class='ocrx_word' id='word_1_151' title='bbox 648 1992 711 2043; x_wconf 90' lang='lat' dir='ltr'><strong>et</strong></span> <span class='ocrx_word' id='word_1_152' title='bbox 734 1985 794 2043; x_wconf 90' lang='lat'><strong>4.</strong></span> <span class='ocrx_word' id='word_1_153' title='bbox 823 1982 917 2042; x_wconf 72' lang='grc'><strong>6.·</strong></span> <span class='ocrx_word' id='word_1_154' title='bbox 974 1983 1131 2041; x_wconf 91' lang='lat' dir='ltr'><strong>Eun.</strong></span> <span class='ocrx_word' id='word_1_155' title='bbox 1162 2000 1226 2040; x_wconf 84' lang='lat' dir='ltr'><strong>v.</strong></span> <span class='ocrx_word' id='word_1_156' title='bbox 1261 1985 1314 2042; x_wconf 89' lang='lat'><strong>1.</strong></span> <span class='ocrx_word' id='word_1_157' title='bbox 1347 1980 1474 2041; x_wconf 57' lang='lat'><strong>17?</strong></span> <span class='ocrx_word' id='word_1_158' title='bbox 1533 1981 1757 2041; x_wconf 87' lang='lat' dir='ltr'><strong>Heaut.</strong></span> <span class='ocrx_word' id='word_1_159' title='bbox 1786 2000 1902 2043; x_wconf 87' lang='lat'>111.</span> <span class='ocrx_word' id='word_1_160' title='bbox 1950 1984 2003 2040; x_wconf 95' lang='lat'><strong>1.</strong></span> <span class='ocrx_word' id='word_1_161' title='bbox 2034 1982 2127 2041; x_wconf 81' lang='lat'><strong>6.·</strong></span> <span class='ocrx_word' id='word_1_162' title='bbox 2184 1983 2404 2043; x_wconf 89' lang='lat' dir='ltr'><strong>Heaut.</strong></span> <span class='ocrx_word' id='word_1_163' title='bbox 2449 2002 2509 2042; x_wconf 79' lang='lat' dir='ltr'><strong>v.</strong></span> <span class='ocrx_word' id='word_1_164' title='bbox 2561 1986 2619 2045; x_wconf 88' lang='lat'><strong>1.</strong></span> 
     </span>
     <span class='ocr_line' id='line_1_18' title="bbox 427 2075 2619 2140; baseline 0.001 -3"><span class='ocrx_word' id='word_1_165' title='bbox 427 2080 565 2140; x_wconf 59' lang='lat'><strong>502·</strong></span> <span class='ocrx_word' id='word_1_166' title='bbox 623 2078 776 2137; x_wconf 88' lang='lat' dir='ltr'><strong>Hec.</strong></span> <span class='ocrx_word' id='word_1_167' title='bbox 806 2095 903 2138; x_wconf 71' lang='grc' dir='ltr'><strong>ιν.</strong></span> <span class='ocrx_word' id='word_1_168' title='bbox 937 2078 991 2137; x_wconf 92' lang='lat'><strong>1.</strong></span> <span class='ocrx_word' id='word_1_169' title='bbox 1019 2080 1121 2137; x_wconf 83' lang='lat'><strong>46.</strong></span> <span class='ocrx_word' id='word_1_170' title='bbox 1175 2076 1328 2137; x_wconf 84' lang='lat' dir='ltr'><strong>Hec.</strong></span> <span class='ocrx_word' id='word_1_171' title='bbox 1357 2094 1454 2135; x_wconf 77' lang='lat' dir='ltr'><strong>lv.</strong></span> <span class='ocrx_word' id='word_1_172' title='bbox 1481 2078 1542 2135; x_wconf 79' lang='lat'><strong>2.</strong></span> <span class='ocrx_word' id='word_1_173' title='bbox 1571 2076 1707 2135; x_wconf 61' lang='lat'><strong>292·</strong></span> <span class='ocrx_word' id='word_1_174' title='bbox 1758 2075 1999 2137; x_wconf 84' lang='lat' dir='ltr'><strong>Phorm.</strong></span> <span class='ocrx_word' id='word_1_175' title='bbox 2028 2094 2076 2135; x_wconf 87' lang='lat'><strong>1.</strong></span> <span class='ocrx_word' id='word_1_176' title='bbox 2105 2080 2163 2137; x_wconf 79' lang='lat'><strong>2.</strong></span> <span class='ocrx_word' id='word_1_177' title='bbox 2188 2076 2322 2137; x_wconf 60' lang='lat'><strong>962·</strong></span> <span class='ocrx_word' id='word_1_178' title='bbox 2376 2077 2619 2140; x_wconf 76' lang='lat' dir='ltr'><strong>Phorm-</strong></span> 
     </span>
     <span class='ocr_line' id='line_1_19' title="bbox 431 2171 2618 2249; baseline -0.001 -16"><span class='ocrx_word' id='word_1_179' title='bbox 431 2192 544 2234; x_wconf 88' lang='lat'>111.</span> <span class='ocrx_word' id='word_1_180' title='bbox 581 2175 633 2233; x_wconf 92' lang='lat'><strong>1.</strong></span> <span class='ocrx_word' id='word_1_181' title='bbox 669 2174 762 2231; x_wconf 92' lang='grc'><strong>10.</strong></span> <span class='ocrx_word' id='word_1_182' title='bbox 820 2172 1060 2231; x_wconf 88' lang='lat' dir='ltr'><strong>Phorm.</strong></span> <span class='ocrx_word' id='word_1_183' title='bbox 1090 2191 1204 2232; x_wconf 87' lang='lat'><em>111.</em></span> <span class='ocrx_word' id='word_1_184' title='bbox 1233 2174 1292 2230; x_wconf 82' lang='lat'><strong>2.</strong></span> <span class='ocrx_word' id='word_1_185' title='bbox 1321 2175 1424 2232; x_wconf 90' lang='lat'><strong>44.</strong></span> <span class='ocrx_word' id='word_1_186' title='bbox 1507 2171 1659 2239; x_wconf 77' lang='lat' dir='ltr'><strong>Quae</strong></span> <span class='ocrx_word' id='word_1_187' title='bbox 1702 2178 1839 2229; x_wconf 83' lang='lat' dir='ltr'><strong>c&#39;um</strong></span> <span class='ocrx_word' id='word_1_188' title='bbox 1866 2171 2148 2249; x_wconf 83' lang='lat' dir='ltr'><strong>recogito,</strong></span> <span class='ocrx_word' id='word_1_189' title='bbox 2174 2172 2511 2232; x_wconf 86' lang='lat' dir='ltr'><strong>Terentium</strong></span> <span class='ocrx_word' id='word_1_190' title='bbox 2540 2171 2618 2232; x_wconf 85' lang='lat' dir='ltr'><strong>ad</strong></span> 
     </span>
     <span class='ocr_line' id='line_1_20' title="bbox 423 2263 2616 2348; baseline -0.002 -19"><span class='ocrx_word' id='word_1_191' title='bbox 423 2287 596 2330; x_wconf 84' lang='lat' dir='ltr'><strong>veras</strong></span> <span class='ocrx_word' id='word_1_192' title='bbox 615 2287 829 2329; x_wconf 85' lang='lat' dir='ltr'><strong>vocum</strong></span> <span class='ocrx_word' id='word_1_193' title='bbox 852 2268 1210 2348; x_wconf 83' lang='lat' dir='ltr'><strong>quantitates</strong></span> <span class='ocrx_word' id='word_1_194' title='bbox 1239 2266 1426 2345; x_wconf 82' lang='lat' dir='ltr'><strong>magis</strong></span> <span class='ocrx_word' id='word_1_195' title='bbox 1454 2284 1634 2345; x_wconf 89' lang='lat' dir='ltr'><strong>quam</strong></span> <span class='ocrx_word' id='word_1_196' title='bbox 1655 2263 1733 2324; x_wconf 88' lang='lat' dir='ltr'><strong>ad</strong></span> <span class='ocrx_word' id='word_1_197' title='bbox 1756 2266 2175 2343; x_wconf 86' lang='lat' dir='ltr'><strong>pronuntiandi</strong></span> <span class='ocrx_word' id='word_1_198' title='bbox 2202 2266 2457 2327; x_wconf 87' lang='lat' dir='ltr'><strong>rationes</strong></span> <span class='ocrx_word' id='word_1_199' title='bbox 2490 2265 2616 2326; x_wconf 88' lang='lat' dir='ltr'><strong>ani-</strong></span> 
     </span>
     <span class='ocr_line' id='line_1_21' title="bbox 429 2358 2615 2442; baseline -0.002 -18"><span class='ocrx_word' id='word_1_200' title='bbox 429 2384 590 2424; x_wconf 86' lang='lat' dir='ltr'><strong>mum</strong></span> <span class='ocrx_word' id='word_1_201' title='bbox 617 2363 677 2423; x_wconf 90' lang='lat' dir='ltr'><strong>in</strong></span> <span class='ocrx_word' id='word_1_202' title='bbox 705 2363 970 2442; x_wconf 85' lang='lat' dir='ltr'><strong>pluribus</strong></span> <span class='ocrx_word' id='word_1_203' title='bbox 997 2361 1319 2423; x_wconf 81' lang='lat' dir='ltr'><strong>advertisse</strong></span> <span class='ocrx_word' id='word_1_204' title='bbox 1342 2362 1622 2430; x_wconf 60' lang='lat' dir='ltr'><strong>arbitron</strong></span> <span class='ocrx_word' id='word_1_205' title='bbox 1654 2358 1902 2440; x_wconf 89' lang='lat' dir='ltr'><strong>ideoque</strong></span> <span class='ocrx_word' id='word_1_206' title='bbox 1926 2370 2092 2421; x_wconf 88' lang='lat' dir='ltr'><strong>muto</strong></span> <span class='ocrx_word' id='word_1_207' title='bbox 2110 2360 2235 2440; x_wconf 82' lang='lat' dir='ltr'><strong>jam</strong></span> <span class='ocrx_word' id='word_1_208' title='bbox 2263 2360 2615 2421; x_wconf 88' lang='lat' dir='ltr'><strong>sententiam</strong></span> 
     </span>
     <span class='ocr_line' id='line_1_22' title="bbox 431 2454 2619 2538; baseline 0 -21"><span class='ocrx_word' id='word_1_209' title='bbox 431 2458 494 2517; x_wconf 89' lang='lat' dir='ltr'><strong>in</strong></span> <span class='ocrx_word' id='word_1_210' title='bbox 535 2459 608 2519; x_wconf 87' lang='lat' dir='ltr'><strong>iis</strong></span> <span class='ocrx_word' id='word_1_211' title='bbox 655 2478 728 2519; x_wconf 89' lang='lat' dir='ltr'><strong>ex</strong></span> <span class='ocrx_word' id='word_1_212' title='bbox 769 2457 916 2518; x_wconf 89' lang='lat' dir='ltr'><strong>locis</strong></span> <span class='ocrx_word' id='word_1_213' title='bbox 967 2456 1247 2531; x_wconf 88' lang='lat' dir='ltr'><strong>laudatis,</strong></span> <span class='ocrx_word' id='word_1_214' title='bbox 1291 2458 1505 2538; x_wconf 86' lang='lat' dir='ltr'><strong>quibus</strong></span> <span class='ocrx_word' id='word_1_215' title='bbox 1550 2458 1785 2537; x_wconf 86' lang='lat' dir='ltr'><strong>signum</strong></span> <span class='ocrx_word' id='word_1_216' title='bbox 1833 2454 1948 2516; x_wconf 89' lang='lat' dir='ltr'><strong>hoc</strong></span> <span class='ocrx_word' id='word_1_217' title='bbox 1976 2456 2007 2485; x_wconf 74' lang='lat'><strong>⁴·</strong></span> <span class='ocrx_word' id='word_1_218' title='bbox 2036 2456 2305 2537; x_wconf 88' lang='lat' dir='ltr'><strong>apposui,</strong></span> <span class='ocrx_word' id='word_1_219' title='bbox 2332 2466 2619 2517; x_wconf 82' lang='lat' dir='ltr'><strong>eteorum</strong></span> 
     </span>
     <span class='ocr_line' id='line_1_23' title="bbox 431 2550 2620 2631; baseline -0.001 -18"><span class='ocrx_word' id='word_1_220' title='bbox 431 2554 728 2613; x_wconf 82' lang='lat' dir='ltr'><strong>sectiones</strong></span> <span class='ocrx_word' id='word_1_221' title='bbox 755 2551 832 2612; x_wconf 89' lang='lat' dir='ltr'><strong>ad</strong></span> <span class='ocrx_word' id='word_1_222' title='bbox 863 2570 1030 2613; x_wconf 83' lang='lat' dir='ltr'><strong>veras</strong></span> <span class='ocrx_word' id='word_1_223' title='bbox 1056 2555 1363 2614; x_wconf 84' lang='lat' dir='ltr'><strong>verborum</strong></span> <span class='ocrx_word' id='word_1_224' title='bbox 1406 2553 1769 2631; x_wconf 87' lang='lat' dir='ltr'><strong>quantitates</strong></span> <span class='ocrx_word' id='word_1_225' title='bbox 1819 2550 2024 2629; x_wconf 83' lang='lat' dir='ltr'><strong>refingi</strong></span> <span class='ocrx_word' id='word_1_226' title='bbox 2059 2550 2256 2622; x_wconf 84' lang='lat' dir='ltr'><strong>velim,</strong></span> <span class='ocrx_word' id='word_1_227' title='bbox 2300 2562 2509 2611; x_wconf 87' lang='lat' dir='ltr'><strong>contra</strong></span> <span class='ocrx_word' id='word_1_228' title='bbox 2548 2570 2620 2612; x_wconf 87' lang='lat' dir='ltr'><strong>ac</strong></span> 
     </span>
     <span class='ocr_line' id='line_1_24' title="bbox 431 2644 2617 2730; baseline -0 -22"><span class='ocrx_word' id='word_1_229' title='bbox 431 2649 734 2730; x_wconf 85' lang='lat' dir='ltr'><strong>putabam,</strong></span> <span class='ocrx_word' id='word_1_230' title='bbox 761 2666 896 2707; x_wconf 88' lang='lat' dir='ltr'><strong>cum</strong></span> <span class='ocrx_word' id='word_1_231' title='bbox 925 2658 1096 2709; x_wconf 85' lang='lat' dir='ltr'><strong>notas</strong></span> <span class='ocrx_word' id='word_1_232' title='bbox 1124 2648 1202 2708; x_wconf 89' lang='lat' dir='ltr'><strong>ad</strong></span> <span class='ocrx_word' id='word_1_233' title='bbox 1230 2668 1304 2709; x_wconf 87' lang='lat' dir='ltr'><strong>ea</strong></span> <span class='ocrx_word' id='word_1_234' title='bbox 1331 2649 1665 2723; x_wconf 83' lang='lat' dir='ltr'><strong>scriberem,</strong></span> <span class='ocrx_word' id='word_1_235' title='bbox 1692 2644 1985 2708; x_wconf 87' lang='lat' dir='ltr'><strong>Plautinis</strong></span> <span class='ocrx_word' id='word_1_236' title='bbox 2011 2644 2263 2707; x_wconf 88' lang='lat' dir='ltr'><strong>licentiis</strong></span> <span class='ocrx_word' id='word_1_237' title='bbox 2291 2666 2463 2727; x_wconf 78' lang='lat' dir='ltr'><strong>oequo</strong></span> <span class='ocrx_word' id='word_1_238' title='bbox 2492 2656 2617 2707; x_wconf 90' lang='lat' dir='ltr'><strong>tum</strong></span> 
     </span>
     <span class='ocr_line' id='line_1_25' title="bbox 434 2743 928 2804; baseline -0.004 0"><span class='ocrx_word' id='word_1_239' title='bbox 434 2744 587 2804; x_wconf 77' lang='lat' dir='ltr'><strong>forte</strong></span> <span class='ocrx_word' id='word_1_240' title='bbox 615 2743 928 2804; x_wconf 87' lang='lat' dir='ltr'><strong>addictior.</strong></span> 
     </span>
    </p>

    <p class='ocr_par' dir='ltr' id='par_1_5' title="bbox 433 2835 2633 4255">
     <span class='ocr_line' id='line_1_26' title="bbox 513 2835 2621 2919; baseline -0.002 -22"><span class='ocrx_word' id='word_1_241' title='bbox 513 2838 634 2899; x_wconf 89' lang='lat' dir='ltr'><strong>Sed</strong></span> <span class='ocrx_word' id='word_1_242' title='bbox 663 2848 724 2898; x_wconf 90' lang='lat' dir='ltr'><strong>et</strong></span> <span class='ocrx_word' id='word_1_243' title='bbox 753 2837 878 2917; x_wconf 87' lang='lat' dir='ltr'><strong>ipse</strong></span> <span class='ocrx_word' id='word_1_244' title='bbox 905 2857 1141 2919; x_wconf 90' lang='lat' dir='ltr'><strong>quoque</strong></span> <span class='ocrx_word' id='word_1_245' title='bbox 1167 2840 1478 2899; x_wconf 87' lang='lat' dir='ltr'><strong>Terentius</strong></span> <span class='ocrx_word' id='word_1_246' title='bbox 1508 2837 1568 2897; x_wconf 90' lang='lat' dir='ltr'><strong>in</strong></span> <span class='ocrx_word' id='word_1_247' title='bbox 1599 2856 1799 2896; x_wconf 86' lang='lat' dir='ltr'><strong>earum</strong></span> <span class='ocrx_word' id='word_1_248' title='bbox 1826 2855 1942 2897; x_wconf 90' lang='lat' dir='ltr'><strong>usu</strong></span> <span class='ocrx_word' id='word_1_249' title='bbox 1972 2835 2183 2896; x_wconf 86' lang='lat' dir='ltr'><strong>nimius</strong></span> <span class='ocrx_word' id='word_1_250' title='bbox 2211 2835 2503 2896; x_wconf 80' lang='lat' dir='ltr'><strong>videbitur</strong></span> <span class='ocrx_word' id='word_1_251' title='bbox 2525 2835 2621 2908; x_wconf 86' lang='lat' dir='ltr'><strong>iis,</strong></span> 
     </span>
     <span class='ocr_line' id='line_1_27' title="bbox 433 2931 2625 3012; baseline -0.001 -20"><span class='ocrx_word' id='word_1_252' title='bbox 433 2932 539 3012; x_wconf 91' lang='lat' dir='ltr'><strong>qui</strong></span> <span class='ocrx_word' id='word_1_253' title='bbox 566 2934 736 2993; x_wconf 78' lang='lat' dir='ltr'><strong>novis</strong></span> <span class='ocrx_word' id='word_1_254' title='bbox 763 2932 956 2992; x_wconf 85' lang='lat' dir='ltr'><strong>solum</strong></span> <span class='ocrx_word' id='word_1_255' title='bbox 981 2934 1277 3012; x_wconf 82' lang='lat' dir='ltr'><strong>Augustei</strong></span> <span class='ocrx_word' id='word_1_256' title='bbox 1319 2934 1524 2995; x_wconf 71' lang='lat' dir='ltr'><strong>saeculi</strong></span> <span class='ocrx_word' id='word_1_257' title='bbox 1563 2932 1755 3011; x_wconf 68' lang='lat' dir='ltr'><strong>poetis</strong></span> <span class='ocrx_word' id='word_1_258' title='bbox 1781 2932 2048 3011; x_wconf 87' lang='lat' dir='ltr'><strong>legendis</strong></span> <span class='ocrx_word' id='word_1_259' title='bbox 2080 2934 2464 3004; x_wconf 86' lang='lat' dir='ltr'><strong>assueverint,</strong></span> <span class='ocrx_word' id='word_1_260' title='bbox 2492 2931 2625 2990; x_wconf 88' lang='lat' dir='ltr'><strong>nul·</strong></span> 
     </span>
     <span class='ocr_line' id='line_1_28' title="bbox 433 3025 2620 3107; baseline -0.002 -20"><span class='ocrx_word' id='word_1_261' title='bbox 433 3028 558 3089; x_wconf 79' lang='lat' dir='ltr'><strong>lum</strong></span> <span class='ocrx_word' id='word_1_262' title='bbox 583 3046 722 3089; x_wconf 82' lang='lat' dir='ltr'><strong>vero</strong></span> <span class='ocrx_word' id='word_1_263' title='bbox 747 3026 808 3087; x_wconf 91' lang='lat' dir='ltr'><strong>in</strong></span> <span class='ocrx_word' id='word_1_264' title='bbox 835 3027 1144 3087; x_wconf 86' lang='lat' dir='ltr'><strong>Veteribus</strong></span> <span class='ocrx_word' id='word_1_265' title='bbox 1185 3027 1352 3089; x_wconf 90' lang='lat' dir='ltr'><strong>hisce</strong></span> <span class='ocrx_word' id='word_1_266' title='bbox 1399 3027 1669 3107; x_wconf 86' lang='lat' dir='ltr'><strong>legendis</strong></span> <span class='ocrx_word' id='word_1_267' title='bbox 1710 3038 1944 3107; x_wconf 90' lang='lat' dir='ltr'><strong>tempus</strong></span> <span class='ocrx_word' id='word_1_268' title='bbox 1989 3027 2313 3105; x_wconf 87' lang='lat' dir='ltr'><strong>posuerint.</strong></span> <span class='ocrx_word' id='word_1_269' title='bbox 2394 3027 2487 3085; x_wconf 92' lang='lat' dir='ltr'><strong>Ab</strong></span> <span class='ocrx_word' id='word_1_270' title='bbox 2526 3025 2620 3083; x_wconf 87' lang='lat' dir='ltr'><strong>his</strong></span> 
     </span>
     <span class='ocr_line' id='line_1_29' title="bbox 435 3120 2621 3203; baseline -0.003 -18"><span class='ocrx_word' id='word_1_271' title='bbox 435 3134 752 3203; x_wconf 72' lang='lat' dir='ltr'><strong>quoeretur,</strong></span> <span class='ocrx_word' id='word_1_272' title='bbox 779 3143 884 3185; x_wconf 90' lang='lat' dir='ltr'><strong>cur</strong></span> <span class='ocrx_word' id='word_1_273' title='bbox 911 3142 1032 3183; x_wconf 90' lang='lat' dir='ltr'><strong>non</strong></span> <span class='ocrx_word' id='word_1_274' title='bbox 1058 3123 1368 3185; x_wconf 88' lang='lat' dir='ltr'><strong>Terentius</strong></span> <span class='ocrx_word' id='word_1_275' title='bbox 1411 3124 1661 3186; x_wconf 87' lang='lat' dir='ltr'><strong>eandem</strong></span> <span class='ocrx_word' id='word_1_276' title='bbox 1700 3124 1760 3181; x_wconf 90' lang='lat' dir='ltr'><strong>in</strong></span> <span class='ocrx_word' id='word_1_277' title='bbox 1802 3122 2057 3183; x_wconf 88' lang='lat' dir='ltr'><strong>numeris</strong></span> <span class='ocrx_word' id='word_1_278' title='bbox 2082 3120 2395 3201; x_wconf 86' lang='lat' dir='ltr'><strong>puritatem</strong></span> <span class='ocrx_word' id='word_1_279' title='bbox 2424 3140 2621 3181; x_wconf 85' lang='lat' dir='ltr'><strong>serva-</strong></span> 
     </span>
     <span class='ocr_line' id='line_1_30' title="bbox 440 3209 2623 3296; baseline -0.002 -17"><span class='ocrx_word' id='word_1_280' title='bbox 440 3220 604 3293; x_wconf 78' lang='lat' dir='ltr'><strong>verit,</strong></span> <span class='ocrx_word' id='word_1_281' title='bbox 631 3239 704 3281; x_wconf 86' lang='lat' dir='ltr'><strong>ac</strong></span> <span class='ocrx_word' id='word_1_282' title='bbox 733 3218 929 3280; x_wconf 78' lang='lat' dir='ltr'><strong>Graeci</strong></span> <span class='ocrx_word' id='word_1_283' title='bbox 954 3220 1016 3280; x_wconf 90' lang='lat' dir='ltr'><strong>in</strong></span> <span class='ocrx_word' id='word_1_284' title='bbox 1044 3218 1167 3280; x_wconf 84' lang='lat' dir='ltr'><strong>suis</strong></span> <span class='ocrx_word' id='word_1_285' title='bbox 1198 3220 1538 3293; x_wconf 83' lang='lat' dir='ltr'><strong>Comoediis,</strong></span> <span class='ocrx_word' id='word_1_286' title='bbox 1582 3229 1690 3280; x_wconf 88' lang='lat' dir='ltr'><strong>aut</strong></span> <span class='ocrx_word' id='word_1_287' title='bbox 1716 3218 1905 3279; x_wconf 88' lang='lat' dir='ltr'><strong>Latini</strong></span> <span class='ocrx_word' id='word_1_288' title='bbox 1938 3216 2115 3277; x_wconf 88' lang='lat' dir='ltr'><strong>etiam</strong></span> <span class='ocrx_word' id='word_1_289' title='bbox 2149 3209 2264 3296; x_wconf 80' lang='lat' dir='ltr'><strong>ipsi</strong></span> <span class='ocrx_word' id='word_1_290' title='bbox 2290 3217 2351 3276; x_wconf 90' lang='lat' dir='ltr'><strong>in</strong></span> <span class='ocrx_word' id='word_1_291' title='bbox 2378 3217 2623 3295; x_wconf 81' lang='lat' dir='ltr'><strong>Tragoe·</strong></span> 
     </span>
     <span class='ocr_line' id='line_1_31' title="bbox 436 3311 2623 3395; baseline -0.003 -18"><span class='ocrx_word' id='word_1_292' title='bbox 436 3314 551 3377; x_wconf 85' lang='lat' dir='ltr'><strong>diis</strong></span> <span class='ocrx_word' id='word_1_293' title='bbox 577 3314 1024 3395; x_wconf 86' lang='lat' dir='ltr'><strong>componendis.</strong></span> <span class='ocrx_word' id='word_1_294' title='bbox 1107 3314 1284 3384; x_wconf 85' lang='lat' dir='ltr'><strong>Quod</strong></span> <span class='ocrx_word' id='word_1_295' title='bbox 1325 3316 1403 3375; x_wconf 86' lang='lat' dir='ltr'><strong>ad</strong></span> <span class='ocrx_word' id='word_1_296' title='bbox 1447 3316 1717 3387; x_wconf 80' lang='lat' dir='ltr'><strong>Groecos,</strong></span> <span class='ocrx_word' id='word_1_297' title='bbox 1766 3315 1817 3374; x_wconf 89' lang='lat' dir='ltr'><strong>si</strong></span> <span class='ocrx_word' id='word_1_298' title='bbox 1846 3311 2154 3375; x_wconf 85' lang='lat' dir='ltr'><strong>Terentius</strong></span> <span class='ocrx_word' id='word_1_299' title='bbox 2182 3330 2283 3371; x_wconf 89' lang='lat' dir='ltr'><strong>eos</strong></span> <span class='ocrx_word' id='word_1_300' title='bbox 2314 3330 2431 3371; x_wconf 89' lang='lat' dir='ltr'><strong>non</strong></span> <span class='ocrx_word' id='word_1_301' title='bbox 2458 3330 2623 3371; x_wconf 87' lang='lat' dir='ltr'><strong>asse-</strong></span> 
     </span>
     <span class='ocr_line' id='line_1_32' title="bbox 436 3405 2618 3490; baseline -0.004 -17"><span class='ocrx_word' id='word_1_302' title='bbox 436 3422 613 3473; x_wconf 83' lang='lat' dir='ltr'><strong>cutus</strong></span> <span class='ocrx_word' id='word_1_303' title='bbox 640 3420 734 3473; x_wconf 80' lang='lat' dir='ltr'><strong>est</strong></span> <span class='ocrx_word' id='word_1_304' title='bbox 757 3410 960 3471; x_wconf 87' lang='lat' dir='ltr'><strong>bacin</strong></span> <span class='ocrx_word' id='word_1_305' title='bbox 1007 3420 1197 3490; x_wconf 82' lang='lat' dir='ltr'><strong>parte,</strong></span> <span class='ocrx_word' id='word_1_306' title='bbox 1237 3411 1298 3469; x_wconf 91' lang='lat' dir='ltr'><strong>in</strong></span> <span class='ocrx_word' id='word_1_307' title='bbox 1344 3409 1474 3471; x_wconf 84' lang='lat' dir='ltr'><strong>aliis</strong></span> <span class='ocrx_word' id='word_1_308' title='bbox 1519 3410 1677 3471; x_wconf 89' lang='lat' dir='ltr'><strong>enim</strong></span> <span class='ocrx_word' id='word_1_309' title='bbox 1718 3428 1839 3469; x_wconf 89' lang='lat' dir='ltr'><strong>non</strong></span> <span class='ocrx_word' id='word_1_310' title='bbox 1866 3428 1997 3470; x_wconf 84' lang='lat' dir='ltr'><strong>raro</strong></span> <span class='ocrx_word' id='word_1_311' title='bbox 2026 3406 2342 3488; x_wconf 81' lang='lat' dir='ltr'><strong>superavit,</strong></span> <span class='ocrx_word' id='word_1_312' title='bbox 2384 3405 2446 3465; x_wconf 92' lang='lat' dir='ltr'><strong>id</strong></span> <span class='ocrx_word' id='word_1_313' title='bbox 2496 3425 2618 3465; x_wconf 90' lang='lat' dir='ltr'><strong>non</strong></span> 
     </span>
     <span class='ocr_line' id='line_1_33' title="bbox 437 3503 2627 3587; baseline -0.003 -20"><span class='ocrx_word' id='word_1_314' title='bbox 437 3508 632 3585; x_wconf 64' lang='lat' dir='ltr'><strong>poetae</strong></span> <span class='ocrx_word' id='word_1_315' title='bbox 659 3505 768 3566; x_wconf 84' lang='lat' dir='ltr'><strong>sed</strong></span> <span class='ocrx_word' id='word_1_316' title='bbox 792 3505 1013 3585; x_wconf 74' lang='lat' dir='ltr'><strong>linguae</strong></span> <span class='ocrx_word' id='word_1_317' title='bbox 1043 3505 1223 3587; x_wconf 86' lang='lat' dir='ltr'><strong>culpa</strong></span> <span class='ocrx_word' id='word_1_318' title='bbox 1249 3506 1372 3567; x_wconf 86' lang='lat' dir='ltr'><strong>fieri</strong></span> <span class='ocrx_word' id='word_1_319' title='bbox 1411 3516 1578 3586; x_wconf 86' lang='lat' dir='ltr'><strong>puto,</strong></span> <span class='ocrx_word' id='word_1_320' title='bbox 1619 3526 1755 3585; x_wconf 80' lang='lat' dir='ltr'><strong>quae</strong></span> <span class='ocrx_word' id='word_1_321' title='bbox 1784 3515 1905 3565; x_wconf 88' lang='lat' dir='ltr'><strong>tam</strong></span> <span class='ocrx_word' id='word_1_322' title='bbox 1934 3503 2102 3576; x_wconf 88' lang='lat' dir='ltr'><strong>dura,</strong></span> <span class='ocrx_word' id='word_1_323' title='bbox 2130 3514 2251 3563; x_wconf 85' lang='lat' dir='ltr'><strong>tam</strong></span> <span class='ocrx_word' id='word_1_324' title='bbox 2279 3520 2508 3581; x_wconf 86' lang='lat' dir='ltr'><strong>aspera,</strong></span> <span class='ocrx_word' id='word_1_325' title='bbox 2536 3510 2627 3561; x_wconf 90' lang='lat' dir='ltr'><strong>tot</strong></span> 
     </span>
     <span class='ocr_line' id='line_1_34' title="bbox 439 3598 2623 3678; baseline -0.003 -15"><span class='ocrx_word' id='word_1_326' title='bbox 439 3600 720 3663; x_wconf 88' lang='lat' dir='ltr'><strong>consonis</strong></span> <span class='ocrx_word' id='word_1_327' title='bbox 747 3601 1014 3675; x_wconf 87' lang='lat' dir='ltr'><strong>obsessa,</strong></span> <span class='ocrx_word' id='word_1_328' title='bbox 1057 3610 1148 3663; x_wconf 90' lang='lat' dir='ltr'><strong>tot</strong></span> <span class='ocrx_word' id='word_1_329' title='bbox 1185 3600 1533 3663; x_wconf 87' lang='lat' dir='ltr'><strong>elisionibus</strong></span> <span class='ocrx_word' id='word_1_330' title='bbox 1581 3601 1855 3675; x_wconf 81' lang='lat' dir='ltr'><strong>obnoxia,</strong></span> <span class='ocrx_word' id='word_1_331' title='bbox 1902 3607 1991 3673; x_wconf 90' lang='lat' dir='ltr'><strong>ut,</strong></span> <span class='ocrx_word' id='word_1_332' title='bbox 2038 3598 2197 3678; x_wconf 90' lang='lat' dir='ltr'><strong>quod</strong></span> <span class='ocrx_word' id='word_1_333' title='bbox 2226 3598 2623 3668; x_wconf 84' lang='lat' dir='ltr'><strong>Quintilianus</strong></span> 
     </span>
     <span class='ocr_line' id='line_1_35' title="bbox 441 3693 2625 3778; baseline -0.001 -23"><span class='ocrx_word' id='word_1_334' title='bbox 441 3695 612 3770; x_wconf 90' lang='lat' dir='ltr'><strong>dixit,</strong></span> <span class='ocrx_word' id='word_1_335' title='bbox 639 3702 659 3732; x_wconf 84' lang='lat'>‘</span> <span class='ocrx_word' id='word_1_336' title='bbox 680 3696 886 3754; x_wconf 87' lang='lat' dir='ltr'><strong>Sermo</strong></span> <span class='ocrx_word' id='word_1_337' title='bbox 909 3695 1036 3775; x_wconf 85' lang='lat' dir='ltr'><strong>ipse</strong></span> <span class='ocrx_word' id='word_1_338' title='bbox 1060 3696 1368 3759; x_wconf 79' lang='lat' dir='ltr'><strong>Romanus</strong></span> <span class='ocrx_word' id='word_1_339' title='bbox 1407 3718 1530 3759; x_wconf 88' lang='lat' dir='ltr'><strong>non</strong></span> <span class='ocrx_word' id='word_1_340' title='bbox 1565 3698 1827 3778; x_wconf 85' lang='lat' dir='ltr'><strong>recipere</strong></span> <span class='ocrx_word' id='word_1_341' title='bbox 1852 3695 2121 3757; x_wconf 82' lang='lat' dir='ltr'><strong>videatur</strong></span> <span class='ocrx_word' id='word_1_342' title='bbox 2162 3693 2323 3755; x_wconf 88' lang='lat' dir='ltr'><strong>illam</strong></span> <span class='ocrx_word' id='word_1_343' title='bbox 2353 3693 2495 3753; x_wconf 85' lang='lat' dir='ltr'><strong>solis</strong></span> <span class='ocrx_word' id='word_1_344' title='bbox 2518 3694 2625 3753; x_wconf 89' lang='lat' dir='ltr'><strong>At·</strong></span> 
     </span>
     <span class='ocr_line' id='line_1_36' title="bbox 439 3781 2623 3870; baseline -0.004 -17"><span class='ocrx_word' id='word_1_345' title='bbox 439 3781 573 3853; x_wconf 81' lang='lat' dir='ltr'><strong>ticis</strong></span> <span class='ocrx_word' id='word_1_346' title='bbox 599 3806 948 3852; x_wconf 86' lang='lat' dir='ltr'><strong>concessam</strong></span> <span class='ocrx_word' id='word_1_347' title='bbox 971 3788 1282 3864; x_wconf 87' lang='lat' dir='ltr'><strong>Venerem,</strong></span> <span class='ocrx_word' id='word_1_348' title='bbox 1309 3792 1549 3870; x_wconf 91' lang='lat' dir='ltr'><strong>quando</strong></span> <span class='ocrx_word' id='word_1_349' title='bbox 1577 3812 1712 3853; x_wconf 88' lang='lat' dir='ltr'><strong>eam</strong></span> <span class='ocrx_word' id='word_1_350' title='bbox 1758 3812 1835 3853; x_wconf 88' lang='lat' dir='ltr'><strong>ue</strong></span> <span class='ocrx_word' id='word_1_351' title='bbox 1877 3791 2075 3851; x_wconf 82' lang='lat' dir='ltr'><strong>Graeci</strong></span> <span class='ocrx_word' id='word_1_352' title='bbox 2122 3789 2360 3870; x_wconf 88' lang='lat' dir='ltr'><strong>quidem</strong></span> <span class='ocrx_word' id='word_1_353' title='bbox 2401 3788 2462 3849; x_wconf 90' lang='lat' dir='ltr'><strong>in</strong></span> <span class='ocrx_word' id='word_1_354' title='bbox 2505 3787 2623 3847; x_wconf 87' lang='lat' dir='ltr'><strong>alio</strong></span> 
     </span>
     <span class='ocr_line' id='line_1_37' title="bbox 440 3882 2627 3967; baseline -0.002 -20"><span class='ocrx_word' id='word_1_355' title='bbox 440 3904 656 3967; x_wconf 81' lang='lat' dir='ltr'><strong>genere</strong></span> <span class='ocrx_word' id='word_1_356' title='bbox 675 3883 898 3963; x_wconf 80' lang='lat' dir='ltr'><strong>linguae</strong></span> <span class='ocrx_word' id='word_1_357' title='bbox 939 3883 1298 3945; x_wconf 86' lang='lat' dir='ltr'><strong>obtinuerint</strong></span> <span class='ocrx_word' id='word_1_358' title='bbox 1317 3890 1355 3945; x_wconf 69' lang='grc' dir='ltr'><strong>ι’</strong></span> <span class='ocrx_word' id='word_1_359' title='bbox 1392 3885 1556 3965; x_wconf 86' lang='lat' dir='ltr'><strong>quod</strong></span> <span class='ocrx_word' id='word_1_360' title='bbox 1580 3886 1655 3947; x_wconf 88' lang='lat' dir='ltr'><strong>de</strong></span> <span class='ocrx_word' id='word_1_361' title='bbox 1678 3906 2051 3947; x_wconf 85' lang='lat' dir='ltr'><strong>numerorum</strong></span> <span class='ocrx_word' id='word_1_362' title='bbox 2080 3895 2141 3947; x_wconf 91' lang='lat' dir='ltr'><strong>et</strong></span> <span class='ocrx_word' id='word_1_363' title='bbox 2169 3904 2435 3946; x_wconf 86' lang='lat' dir='ltr'><strong>versuum</strong></span> <span class='ocrx_word' id='word_1_364' title='bbox 2465 3882 2627 3962; x_wconf 86' lang='lat' dir='ltr'><strong>apud</strong></span> 
     </span>
     <span class='ocr_line' id='line_1_38' title="bbox 441 3978 2630 4061; baseline -0.002 -18"><span class='ocrx_word' id='word_1_365' title='bbox 441 3982 690 4043; x_wconf 66' lang='lat' dir='ltr'><strong>Graecos</strong></span> <span class='ocrx_word' id='word_1_366' title='bbox 712 3978 966 4059; x_wconf 89' lang='lat' dir='ltr'><strong>puritate</strong></span> <span class='ocrx_word' id='word_1_367' title='bbox 993 3990 1055 4039; x_wconf 88' lang='lat' dir='ltr'><strong>et</strong></span> <span class='ocrx_word' id='word_1_368' title='bbox 1081 3979 1370 4040; x_wconf 80' lang='lat' dir='ltr'><strong>suavitate</strong></span> <span class='ocrx_word' id='word_1_369' title='bbox 1413 3999 1534 4041; x_wconf 89' lang='lat' dir='ltr'><strong>non</strong></span> <span class='ocrx_word' id='word_1_370' title='bbox 1581 3980 1774 4042; x_wconf 88' lang='lat' dir='ltr'><strong>minus</strong></span> <span class='ocrx_word' id='word_1_371' title='bbox 1820 4001 2023 4043; x_wconf 79' lang='lat' dir='ltr'><strong>verum</strong></span> <span class='ocrx_word' id='word_1_372' title='bbox 2065 3992 2180 4054; x_wconf 83' lang='lat' dir='ltr'><strong>est,</strong></span> <span class='ocrx_word' id='word_1_373' title='bbox 2209 4001 2385 4061; x_wconf 85' lang='lat' dir='ltr'><strong>quam</strong></span> <span class='ocrx_word' id='word_1_374' title='bbox 2410 3978 2484 4037; x_wconf 87' lang='lat' dir='ltr'><strong>de</strong></span> <span class='ocrx_word' id='word_1_375' title='bbox 2514 3979 2630 4039; x_wconf 85' lang='lat' dir='ltr'><strong>alia</strong></span> 
     </span>
     <span class='ocr_line' id='line_1_39' title="bbox 441 4073 2630 4158; baseline -0.002 -21"><span class='ocrx_word' id='word_1_376' title='bbox 441 4077 652 4158; x_wconf 81' lang='lat' dir='ltr'><strong>quavis</strong></span> <span class='ocrx_word' id='word_1_377' title='bbox 681 4075 1006 4139; x_wconf 80' lang='lat' dir='ltr'><strong>Comoedioe</strong></span> <span class='ocrx_word' id='word_1_378' title='bbox 1035 4074 1266 4137; x_wconf 80' lang='lat' dir='ltr'><strong>Groecae</strong></span> <span class='ocrx_word' id='word_1_379' title='bbox 1291 4078 1655 4154; x_wconf 81' lang='lat' dir='ltr'><strong>praestantia,</strong></span> <span class='ocrx_word' id='word_1_380' title='bbox 1682 4078 1843 4139; x_wconf 90' lang='lat' dir='ltr'><strong>unde</strong></span> <span class='ocrx_word' id='word_1_381' title='bbox 1870 4088 2040 4139; x_wconf 88' lang='lat' dir='ltr'><strong>tanta</strong></span> <span class='ocrx_word' id='word_1_382' title='bbox 2064 4077 2179 4137; x_wconf 88' lang='lat' dir='ltr'><strong>illis</strong></span> <span class='ocrx_word' id='word_1_383' title='bbox 2208 4094 2386 4155; x_wconf 89' lang='lat' dir='ltr'><strong>quam</strong></span> <span class='ocrx_word' id='word_1_384' title='bbox 2412 4073 2630 4134; x_wconf 85' lang='lat' dir='ltr'><strong>miran-</strong></span> 
     </span>
     <span class='ocr_line' id='line_1_40' title="bbox 445 4171 2633 4255; baseline -0.003 -20"><span class='ocrx_word' id='word_1_385' title='bbox 445 4183 542 4235; x_wconf 84' lang='lat' dir='ltr'><strong>tur</strong></span> <span class='ocrx_word' id='word_1_386' title='bbox 561 4193 770 4238; x_wconf 82' lang='lat' dir='ltr'><strong>omnes</strong></span> <span class='ocrx_word' id='word_1_387' title='bbox 811 4180 1114 4237; x_wconf 80' lang='lat' dir='ltr'><strong>venustas.</strong></span> <span class='ocrx_word' id='word_1_388' title='bbox 1193 4172 1374 4243; x_wconf 88' lang='lat' dir='ltr'><strong>Quod</strong></span> <span class='ocrx_word' id='word_1_389' title='bbox 1413 4192 1547 4237; x_wconf 76' lang='lat' dir='ltr'><strong>vero</strong></span> <span class='ocrx_word' id='word_1_390' title='bbox 1588 4173 1931 4255; x_wconf 81' lang='lat' dir='ltr'><strong>Tragoedias</strong></span> <span class='ocrx_word' id='word_1_391' title='bbox 1974 4171 2214 4235; x_wconf 81' lang='lat' dir='ltr'><strong>Latinas</strong></span> <span class='ocrx_word' id='word_1_392' title='bbox 2268 4179 2519 4251; x_wconf 79' lang='lat' dir='ltr'><strong>spectat,</strong></span> <span class='ocrx_word' id='word_1_393' title='bbox 2557 4188 2633 4231; x_wconf 81' lang='lat' dir='ltr'><strong>ex</strong></span> 
     </span>
    </p>
   </div>
  </div>
 </body>
</html>
