3234 4934
606 382 737 451 126
1175 400 1276 447 nx
1332 398 1632 448 ansano
1682 398 1979 451 sorano
1994 400 2227 451 namo.

604 562 794 623 genus
820 540 1202 601 diminutum:
1243 539 1405 621 quod
1454 539 1701 601 dimetro
1747 541 1998 602 iambico
2045 540 2263 603 accinit
2287 539 2438 601 duos
2465 541 2779 617 trochoeos,

602 640 763 699 velut
786 638 847 696 in
877 646 1045 695 actus
1072 635 1228 696 tertii
1256 656 1437 697 scena
1462 636 1745 697 secunda.

682 741 701 769 ‘
722 731 935 792 Adhuc
964 730 1238 791 Archillis
1284 750 1421 810 quoe
1465 731 1776 791 adsolent:
1797 732 1811 756 ’
1855 730 1952 792 hic
1981 732 2225 793 dimeter
2269 745 2382 795 est.
2465 742 2484 773 ⁸
2507 738 2778 817 Quoeque

602 838 831 909 oportet
855 828 891 887 :'
930 827 1049 886 duo
1078 835 1216 886 sunt
1242 826 1505 889 trochoei.
1586 828 1813 885 Contra
1838 827 1897 886 in
1934 826 2064 887 aliis
2092 828 2327 889 additur
2367 850 2473 910 pes
2515 832 2780 912 legitimo

601 944 867 985 numero.
948 923 1185 983 Interim
1212 922 1367 1001 prior
1386 922 1664 982 carminis
1690 940 1828 1001 pars
1855 934 1947 983 est
1965 923 2285 998 trochaica,
2311 928 2598 1005 posterior
2630 928 2778 989 iam-

597 1022 751 1094 bica,
800 1030 863 1081 et
909 1028 1136 1081 contra.
1216 1018 1634 1079 Admiscentur
1679 1017 1972 1079 interdum
2019 1029 2079 1080 et
2120 1020 2338 1095 cretici,
2380 1022 2504 1083 sive
2551 1024 2778 1103 amphi-

596 1117 801 1189 macri‚
826 1116 928 1196 qui
958 1134 1062 1195 pes
1084 1113 1336 1175 mediam
1362 1114 1541 1175 habet
1562 1116 1795 1175 brevem
1821 1114 1973 1175 inter
1998 1124 2287 1175 extremas
2309 1116 2559 1197 longas:
2599 1121 2684 1179 sic
2711 1128 2780 1179 ut

598 1211 819 1293 singuli
844 1230 1048 1271 versus
1074 1210 1335 1271 habeant
1362 1220 1680 1289 quaternos
1707 1220 1812 1270 aut
1835 1222 2034 1269 ternos
2056 1212 2324 1285 creticos,
2362 1206 2478 1271 nisi
2502 1213 2662 1293 quod
2681 1214 2778 1274 hic

596 1327 834 1388 quoque
856 1317 1174 1386 usurpatur
1198 1307 1437 1367 libertas
1466 1306 1714 1380 comica,
1739 1307 1895 1367 sicut
1920 1307 1979 1366 in
2007 1307 2239 1367 ceteris.
2308 1307 2656 1388 Exemplum
2681 1318 2780 1369 est

597 1403 657 1461 in
686 1402 876 1481 quarti
906 1412 1073 1462 actus
1108 1420 1287 1461 scena
1314 1400 1538 1481 prima:
1582 1408 1598 1436 ‘
1631 1402 1713 1460 Ut
1757 1399 1926 1460 malis
1971 1401 2296 1479 gaudeant,
2343 1413 2524 1484 atque
2567 1424 2643 1465 ex
2685 1405 2776 1465 in-

595 1499 964 1561 commodis.'
1043 1500 1311 1567 Quatuor
1337 1498 1536 1558 cretici
1564 1507 1724 1570 sunt,
1752 1496 1867 1557 nisi
1893 1496 2057 1577 quod
2082 1500 2288 1559 tertius
2315 1511 2411 1560 est
2434 1502 2775 1581 spondaeus.

596 1596 860 1655 Ibidem:
902 1602 919 1630 ‘
938 1596 1086 1654 'rum
1112 1593 1619 1675 impudentissima
1647 1612 1848 1653 eorum
1873 1592 2060 1653 oratio
2087 1594 2221 1654 est!
2273 1596 2417 1655 Tres
2445 1598 2624 1659 habet
2649 1618 2776 1659 cre-

592 1693 764 1752 ticos.
822 1692 1174 1770 Quanquam
1202 1689 1448 1749 arbitror
1465 1688 1626 1768 prius
1657 1708 1889 1749 carmen
1916 1688 2182 1749 vitiatum
2205 1699 2430 1750 mutato
2449 1690 2774 1753 dictionum

594 1787 819 1847 ordine.
877 1786 1128 1858 Etenim,
1159 1784 1207 1845 si
1234 1785 1319 1844 sic
1346 1784 1533 1863 legas,
1561 1794 1622 1845 et
1649 1793 1848 1844 tamen
1876 1804 1966 1845 res
1993 1784 2157 1864 cogit
2180 1784 2496 1865 denegare,
2527 1788 2623 1847 Ibe·
2651 1796 2774 1850 tm

590 1902 787 1943 eorum
810 1882 1315 1962 impudentissima
1342 1882 1534 1940 oratio
1558 1884 1664 1951 at,
1694 1888 1764 1939 ut
1783 1879 2070 1958 posterior
2101 1898 2308 1941 versus
2325 1881 2582 1960 excipiat
2601 1902 2776 1963 syna-

594 1977 848 2057 loepham
892 1976 1121 2056 prioris,
1162 1994 1396 2037 carmen
1440 1976 1623 2055 probe
1669 1984 1923 2036 constat.
2007 1976 2262 2044 Quidam
2307 1986 2504 2037 tamen
2549 1978 2778 2039 malunt

592 2073 689 2134 hic
716 2094 847 2135 esse
874 2075 1163 2134 trimetros
1185 2070 1539 2132 Trochaicos
1564 2071 1966 2131 catalecticos.
2024 2070 2264 2131 Iambici
2286 2072 2525 2132 trimetri
2551 2073 2777 2135 facilior

592 2181 687 2229 est
711 2170 1021 2238 dimensio,
1051 2188 1185 2229 cum
1214 2167 1684 2248 penthemimeris
1705 2167 1836 2225 finit
1854 2166 2188 2226 dictionem.
2233 2165 2434 2239 Velut,
2463 2174 2482 2203 ⁴
2505 2167 2776 2241 Effer-tur,

592 2264 785 2325 imus.'
846 2266 943 2337 Et,
973 2271 991 2299 ⁴
1015 2263 1114 2324 Sic
1138 2262 1511 2342 cogitabam!
1570 2260 1899 2333 Difficilior,
1927 2280 2062 2320 cum
2081 2272 2323 2321 contra:
2353 2273 2436 2333 ut,
2465 2270 2482 2299 ‘
2507 2264 2776 2325 Honesta

591 2372 655 2421 et
693 2361 954 2421 liberali:
996 2358 1219 2419 accedo
1266 2357 1342 2415 ad
1386 2357 1772 2436 pedissequas
1792 2356 1829 2415 τ’
1869 2356 1926 2414 in
1972 2363 1988 2391 ‘
2011 2356 2119 2415 be’
2157 2374 2386 2417 coesura
2411 2368 2524 2417 est.
2606 2359 2769 2429 Idem

592 2457 855 2516 efficiunt
880 2455 1098 2514 crebrae
1127 2452 1524 2532 synaloephae:
1568 2462 1636 2511 ut
1661 2451 1822 2524 ibi,‘
1847 2452 2000 2520 Quoe
2027 2452 2106 2511 ibi
2135 2451 2398 2527 aderant,
2419 2454 2570 2514 forte
2591 2472 2769 2514 unam

592 2552 816 2629 aspicio
845 2546 1389 2610 adolescentulam?

672 2648 742 2706 In
769 2646 1117 2707 tetrametris
1144 2645 1281 2704 item
1312 2642 1572 2703 iambicis
1601 2663 1673 2704 ac
1701 2641 2014 2702 trochaicis
2042 2642 2239 2703 durior
2265 2653 2360 2703 est
2383 2644 2692 2722 dimensio,
2723 2650 2774 2708 si

588 2741 745 2822 prior
772 2741 1019 2802 dimeter
1053 2760 1172 2801 non
1198 2739 1367 2799 finiat
1392 2739 1731 2810 dictionem,
1781 2739 2105 2817 praesertim
2153 2739 2205 2797 si
2243 2756 2361 2799 non
2405 2739 2482 2799 sit
2524 2742 2772 2820 iambus,

589 2850 694 2899 aut
742 2839 792 2899 si
838 2838 1084 2899 accedat
1112 2834 1488 2915 synaloephe:
1533 2845 1620 2907 ut,
1651 2841 1669 2869 ⁴
1691 2835 1894 2894 Meum
1923 2844 2165 2913 gnatum
2191 2852 2388 2894 rumor
2413 2846 2508 2895 est
2533 2856 2728 2899 amare
2753 2858 2770 2899 t

588 2934 650 2993 id
676 2934 930 3014 populus
952 2938 1119 2992 curat
1140 2930 1409 2991 scilicet.’
1489 2929 1658 2990 Prior
1683 2928 1932 2991 dimeter
1949 2930 2150 2990 finitur
2174 2931 2234 2989 in
2276 2936 2294 2965 ‘
2318 2930 2455 3005 ma,’
2483 2931 2770 3011 syllabam

588 3029 977 3109 productam:
1021 3038 1082 3088 et
1127 3026 1415 3106 excipitur
1457 3046 1493 3086 a
1542 3027 1887 3107 synaloephe
1928 3036 1944 3063 ‘
1969 3048 2032 3087 re
2073 3026 2177 3088 id!
2257 3026 2484 3086 Rursus
2513 3028 2769 3088 ibidem:

588 3133 607 3159 ‘
632 3126 747 3193 Qui
775 3133 1086 3203 postquam
1116 3123 1381 3183 audierat
1410 3143 1527 3181 non
1554 3124 1756 3182 datum
1783 3123 1892 3193 iri:
1917 3128 2028 3182 ὅτε.
2094 3122 2260 3183 Prior
2287 3123 2531 3182 dimeter
2555 3124 2774 3183 desinit

588 3223 647 3281 in
692 3226 709 3254 ‘
733 3219 791 3290 i,’
832 3218 1095 3277 admixta
1126 3216 1491 3295 synaloephe.
1574 3217 1796 3275 Turbat
1819 3230 1876 3275 et
1905 3216 2053 3276 illud
2080 3215 2359 3277 lectorem
2385 3221 2578 3279 minus
2605 3236 2770 3281 exer-

588 3313 852 3384 citatum,
893 3309 1054 3389 quod
1102 3310 1397 3370 interdum
1436 3322 1680 3388 repente
1715 3311 1924 3370 miscet
1967 3310 2214 3370 iambica
2255 3330 2390 3370 cum
2437 3312 2770 3385 trochaicis,

586 3408 851 3468 trimetra
873 3405 1165 3465 interdum
1186 3415 1247 3466 et
1274 3404 1524 3466 dimetra
1549 3415 1654 3466 aut
1678 3418 2043 3467 monometra
2069 3425 2206 3466 cum
2233 3408 2605 3482 tetrametris,
2633 3428 2770 3471 aca-

586 3501 862 3563 talectica
887 3522 1022 3562 cum
1042 3501 1423 3575 catalecticis,
1450 3502 1670 3564 cretica
1690 3522 1826 3563 cum
1854 3501 2116 3561 iambicis
2141 3520 2212 3562 ac
2231 3503 2577 3565 trochaicis:
2606 3506 2768 3585 quod

586 3598 731 3657 locis
775 3596 999 3675 aliquot
1046 3597 1455 3657 annotavimus
1502 3596 1563 3656 in
1612 3596 1895 3676 margine.
1980 3597 2070 3657 Ea
2109 3598 2362 3659 mixtura
2401 3601 2656 3662 maxime
2681 3603 2767 3675 fit,

586 3692 687 3753 ubi
725 3712 818 3751 res
849 3702 989 3751 sunt
1012 3692 1488 3754 turbulentiores.
1572 3694 1668 3755 Fit
1696 3693 2011 3765 interdum,
2055 3703 2123 3752 ut
2149 3712 2328 3754 scena
2355 3696 2511 3775 prior
2535 3696 2770 3759 desinat

586 3791 646 3849 in
673 3786 1125 3861 hemistichium,
1152 3799 1211 3848 et
1240 3790 1313 3848 ab
1339 3789 1513 3868 hujus
1542 3789 1813 3849 clausula
1838 3788 2080 3869 incipiat
2106 3809 2290 3851 scena
2316 3792 2612 3869 proxima:
2645 3793 2767 3852 vd·

584 3896 653 3946 ut
678 3886 737 3945 in
768 3882 1009 3943 Andriae
1038 3894 1207 3944 actus
1254 3886 1409 3946 tertii
1452 3906 1634 3947 scena
1659 3888 1851 3960 tertia,
1895 3892 1914 3922 ⁴
1939 3886 2058 3945 Sed
2099 3905 2306 3947 eccum
2352 3887 2525 3947 video
2569 3888 2764 3967 ipsum

584 3982 741 4040 foras
770 3978 968 4041 exire!
1048 3979 1313 4041 Dimeter
1338 3992 1432 4041 est
1467 3982 1680 4061 plenus
1707 4002 1842 4043 cum
1872 3982 2242 4063 sesquipede.
2324 3982 2628 4043 Perficitur
2654 3984 2765 4043 ini-

586 4073 669 4134 tio
698 4094 894 4137 scenae
924 4077 1265 4155 sequentis:
1308 4075 1439 4135 ‘Ad
1469 4086 1527 4137 te
1556 4077 1753 4145 ibam:
1796 4078 2079 4157 quidnam
2121 4088 2214 4137 est
2234 4076 2279 4135 ’.θ’
2313 4088 2383 4137 ut
2425 4078 2504 4137 sit
2547 4096 2762 4139 scazon

582 4181 917 4233 tetrameter
942 4172 1341 4233 catalecticus.
1396 4172 1834 4252 Nonnunquam
1857 4173 2058 4247 dictio,
2087 4190 2220 4253 quae
2247 4171 2495 4251 pertinet
2523 4172 2604 4235 ad
2627 4192 2764 4238 sen·
