3234 4934
951 432 1049 481 na
1094 432 1397 483 comens
1446 433 2066 486 nimansromnus.
2499 422 2626 487 161

435 583 649 655 quarto
674 592 878 636 versu:
922 574 993 635 in·
1012 596 1134 657 quo
1161 588 1225 639 et
1249 578 1570 641 trochoeum
1599 580 1868 643 invenias
1895 580 2066 641 tertia
2093 578 2256 653 sede,
2283 589 2346 641 et
2367 582 2626 642 iambum

438 680 647 731 sexta:
688 690 869 749 quare
910 690 1163 734 errorem
1194 675 1437 735 subesse
1463 694 1709 735 necesse
1752 688 1865 748 est,
1910 686 1974 737 et
2017 676 2330 737 confundit
2353 697 2626 739 versuum

436 777 563 826 tum
611 786 845 847 genera,
890 776 1014 827 tum
1060 770 1444 847 quantitates.
1528 770 1751 831 Nostra
1776 781 1972 832 autem
2001 771 2180 857 lectio
2208 772 2414 833 horum
2441 772 2586 842 nihil
2611 794 2625 833 :

438 867 546 927 sed
574 867 833 947 asperior
861 866 987 927 visa
1013 869 1191 927 estin
1235 868 1565 928 sententia:
1609 887 1748 930 cum
1793 878 1990 929 tamen
2035 890 2156 929 non
2205 872 2317 931 sit:
2361 890 2498 933 nam
2541 874 2628 933 ita

438 961 617 1023 dicit:
662 963 870 1023 Patres
900 962 1080 1023 duros
1110 962 1255 1022 nihil
1282 964 1575 1024 remittere
1604 962 1681 1023 de
1726 964 2008 1043 imperi0‚·
2034 966 2196 1045 quod
2223 980 2540 1029 exerceant
2566 970 2628 1029 in

434 1057 693 1119 liberos:
728 1058 926 1118 omnia
952 1060 1131 1119 animi
1158 1059 1496 1118 laxamenta
1523 1058 1832 1137 prohibere
1856 1080 1872 1119 ε
1915 1070 1996 1133 at,
2026 1064 2126 1140 qui
2153 1063 2334 1141 paulo
2361 1074 2454 1123 est
2481 1066 2628 1127 tole-

433 1154 688 1225 rabilior,
708 1153 908 1233 aliqua
936 1174 1078 1215 sane
1096 1155 1391 1234 patiatur:
1434 1155 1542 1217 sed
1571 1175 1694 1217 non
1709 1158 1914 1217 crebro
1940 1177 2014 1218 ea
2037 1159 2183 1220 fieri.
2243 1160 2500 1221 Mutavit
2521 1182 2628 1222 au-

434 1262 554 1310 tem
582 1270 885 1309 numerum
916 1253 1225 1311 verborum
1244 1252 1581 1319 Terentius;
1630 1272 1766 1312 cum
1794 1254 1854 1313 in
1877 1255 2160 1334 singulari
2187 1253 2363 1316 dixit:
2410 1263 2428 1291 ‘
2449 1260 2628 1337 paulo

438 1347 539 1427 qui
588 1356 681 1406 est
717 1345 1081 1419 tolerabilis,'
1110 1347 1395 1407 debuerat
1422 1348 1713 1409 subdere:
1773 1357 1788 1384 ‘
1813 1370 1934 1410 non
1964 1350 2092 1410 vult
2128 1342 2333 1410 crebro
2383 1358 2628 1415 scortari

434 1442 653 1502 liberos
682 1460 845 1513 suos,
877 1460 994 1501 non
1025 1442 1151 1501 vult
1179 1443 1384 1502 crebro
1411 1442 1753 1503 convivari.'
1834 1442 2182 1505 Sed'retulit
2209 1465 2512 1508 numerum
2552 1452 2630 1511 ad

438 1537 873 1597 universitatem
903 1547 1155 1616 patrum.
1222 1538 1303 1595 At
1329 1536 1387 1594 in
1420 1537 1728 1616 singulari,
1756 1539 2131 1614 tolerabilem,
2160 1554 2456 1620 posuerat,
2484 1564 2632 1622 quo-

438 1634 597 1694 niam
626 1634 871 1694 rariores
902 1644 1060 1693 sunt.
1120 1634 1213 1693 Ita
1237 1643 1429 1693 mutat
1456 1654 1764 1694 numerum
1793 1636 1852 1693 in
1879 1636 2204 1697 Eunucho:
2237 1641 2255 1673 ‘
2279 1637 2631 1700 Eunuchum

436 1749 611 1808 porro
640 1729 786 1789 dixti
814 1729 967 1791 v‘elle
994 1740 1073 1804 te,
1118 1730 1275 1798 Quia
1312 1729 1458 1789 solae
1487 1740 1731 1791 utuntur
1757 1732 1848 1791 his
1876 1732 2140 1812 reginoess
2221 1731 2413 1799 Quam
2441 1745 2632 1795 muta-

436 1827 653 1889 tionem
682 1825 893 1905 aliquis
920 1826 1119 1890 minus.
1143 1825 1513 1887 commodam
1540 1846 1674 1887 cum
1704 1838 1956 1906 putaret,
1999 1827 2248 1889 sublatis
2271 1828 2386 1888 illis
2415 1833 2630 1904 verbis,

428 1920 614 2000 paulo
658 1924 762 2001 qui
806 1928 892 1981 est
944 1921 1111 1981 homo
1162 1920 1504 1995 tolerabilis,
1547 1941 1682 2000 qum
1729 1924 1872 1983 vitia
1910 1925 2285 2002 prohiberent
2329 1937 2527 2004 patres
2571 1930 2631 1987 in

438 2028 645 2076 nostra
670 2016 942 2088 lectione,
982 2036 1055 2076 ea
1099 2018 1239 2076 fecit
1284 2028 1519 2095 patrare
1562 2018 1790 2097 flagitia
1829 2018 1962 2079 filiis
1989 2022 2050 2079 iu
2080 2040 2212 2082 sua.
2297 2022 2447 2081 Haec
2474 2036 2632 2097 sunt,

440 2112 699 2193 Sylviole
726 2112 831 2186 fili,
872 2133 1007 2192 quae
1050 2113 1515 2174 laboriosissima
1542 2132 1725 2193 opera
1752 2116 1986 2175 excussi
2017 2116 2158 2175 tibi:
2202 2117 2498 2195 majorene
2528 2129 2634 2178 tae-

438 2208 537 2268 dio
588 2220 679 2270 tot
724 2210 1092 2287 ineptiarum,
1153 2229 1229 2271 an
1292 2220 1474 2283 metu,
1516 2230 1592 2270 ne
1643 2211 1770 2289 pari
1811 2211 2046 2271 inscitia
2088 2230 2362 2291 caperere
2407 2215 2636 2275 nescio.

439 2305 626 2365 Omisi
654 2325 788 2366 vero
816 2305 1003 2366 multa
1030 2307 1291 2367 carmina
1330 2318 1733 2380 controversa,
1775 2315 1880 2367 aut
1925 2307 2223 2387 ambigua,
2271 2308 2388 2367 alia
2422 2321 2632 2369 vasta:

440 2418 574 2481 quae
599 2402 830 2463 etiamsi
859 2402 936 2462 ad
966 2403 1281 2467 sanitatem
1309 2403 1673 2485 redigantur,
1717 2415 1779 2464 at
1821 2422 1963 2464 cura
2013 2404 2128 2463 ista
2171 2413 2374 2464 nostra
2408 2404 2502 2463 vel
2549 2406 2636 2465 sic

438 2495 618 2577 longe
641 2500 870 2559 minora
898 2500 1035 2559 sint.
1120 2500 1340 2561 Verum
1366 2501 1663 2561 enimvero
1692 2519 1884 2579 neque
1913 2498 2018 2561 tibi
2043 2499 2292 2579 puerilia
2317 2498 2502 2559 videri
2531 2502 2635 2562 de-

440 2593 603 2667 bent,
652 2596 753 2673 qui
796 2597 914 2655 ista
958 2608 1133 2657 aetate
1162 2596 1437 2659 literarioe
1463 2597 1662 2658 laudis
1693 2596 1918 2657 aditum
1945 2615 2178 2655 omnem
2207 2597 2512 2674 explorare
2542 2597 2638 2677 ju·

436 2690 593 2749 beris
623 2692 699 2749 ab
728 2690 927 2752 indole
953 2702 1077 2764 tua,
1118 2713 1254 2771 quoe
1280 2712 1499 2773 magna
1526 2712 1598 2753 ac
1627 2691 1816 2751 multa
1859 2690 2145 2770 promittit
2185 2691 2398 2750 nobis:
2441 2710 2635 2770 neque

439 2786 577 2845 mihi
607 2786 836 2864 plebeia
861 2786 1041 2861 ade0‚
1080 2788 1139 2846 in
1184 2790 1423 2867 quibus,
1463 2788 1698 2849 omissis
1743 2786 1956 2847 studiis
2001 2786 2392 2865 gravioribus,
2435 2797 2634 2846 tantos

438 2878 574 2941 illos
601 2881 757 2941 viros
786 2881 1090 2943 elaborare
1118 2882 1341 2961 aliquid
1370 2903 1489 2942 non
1529 2882 1820 2963 poenituit.
1905 2882 2022 2950 Qui
2067 2882 2118 2942 si
2157 2880 2368 2959 quibus
2397 2881 2457 2938 in
2483 2882 2636 2942 locis

438 2976 593 3055 lapsi
622 2986 781 3048 sunt,
809 2976 907 3035 vel
932 2976 1044 3036 hoc
1074 2980 1265 3055 ipsum
1295 2979 1379 3039 eis
1407 2978 1712 3053 debeatur,
1756 2975 1919 3056 quod
1950 2996 2060 3036 nos
2090 2976 2405 3037 excitarint
2427 2975 2507 3035 ad
2536 2996 2637 3035 ve-

442 3072 694 3132 ritatem.
777 3071 963 3151 Cujus
1006 3072 1397 3152 apiendorem‚
1444 3073 1529 3131 fili
1573 3072 1674 3146 mi,
1716 3073 1926 3151 quovis
1955 3074 2190 3131 nomine
2218 3072 2500 3131 cariorem
2529 3070 2638 3130 ha-

438 3169 578 3228 bere
604 3166 808 3226 debes.
878 3166 1169 3246 Magnum
1197 3167 1309 3227 suit
1339 3168 1567 3227 Erasmi
1598 3188 1835 3239 nomen,
1879 3167 2202 3246 praesertim
2229 3167 2291 3225 in
2319 3166 2640 3225 Germania

441 3262 623 3325 literis
652 3264 1094 3324 renascentibus
1118 3284 1133 3324 :
1178 3265 1371 3345 majus
1398 3264 1681 3337 futurum,
1731 3264 1781 3323 si
1831 3263 1928 3322 ille
1954 3263 2146 3322 minor
2170 3281 2302 3322 esse
2330 3261 2636 3320 voluisset.

442 3360 642 3433 Nunc,
684 3360 868 3419 fretus
914 3360 1133 3440 ingenii
1182 3360 1273 3419 sui
1324 3358 1754 3439 magnitudine,
1797 3359 1984 3419 multa
2023 3368 2274 3417 tractare
2317 3375 2637 3435 aggressus

443 3466 555 3527 est,
596 3454 775 3533 paulo
816 3454 1009 3515 minus
1049 3464 1322 3515 accurate
1348 3475 1363 3513 ι
1407 3455 1492 3514 ita
1520 3472 1555 3513 a
1584 3454 1838 3515 nominis
1867 3453 2132 3513 claritate
2160 3453 2427 3532 profecta
2453 3454 2637 3512 confi-

444 3548 645 3609 dentia
669 3550 1033 3629 praecipitem
1061 3551 1225 3610 illum
1256 3552 1396 3631 egit,
1424 3569 1545 3610 non
1576 3550 1703 3610 sine
1731 3548 2047 3629 dispendio
2073 3549 2388 3607 multorum
2417 3548 2640 3609 studio·

447 3654 685 3703 sorum:
728 3646 833 3722 qui
872 3664 1077 3705 omnes
1122 3666 1257 3707 cum
1299 3646 1459 3706 docti
1489 3664 1623 3705 esse
1651 3644 2028 3704 vehementer
2053 3653 2419 3723 exoptarent,
2463 3644 2640 3722 pauci

446 3748 642 3798 autem
671 3737 1005 3799 laborarent
1033 3741 1263 3801 omissis
1291 3740 1589 3812 aerumnis,
1639 3759 1774 3818 quae
1819 3738 1964 3817 ipsis
2008 3738 2071 3796 in
2113 3738 2488 3817 antiquorum
2514 3737 2638 3797 lec·

444 3834 605 3896 tione
630 3834 833 3893 multoe
862 3835 1224 3913 exequendae
1248 3844 1447 3907 erant,
1464 3833 1877 3912 compendium
1900 3833 2058 3893 nacti
2083 3851 2284 3892 eorum
2307 3852 2443 3912 quae
2465 3832 2639 3890 Eras-

445 3951 575 3991 mus
606 3930 661 3987 in
694 3949 876 3989 unum
904 3930 1220 4009 coiigisset,
1260 3930 1311 3989 ei
1340 3928 1415 3987 de
1443 3929 1714 3987 omnibus
1743 3928 1918 3986 fidem
1948 3929 2034 3987 ita
2056 3928 2335 4001 habuere,
2363 3937 2432 3987 ut
2457 3927 2636 3987 etiam

446 4026 783 4087 extantibus
833 4026 1155 4103 priscorum
1202 4023 1618 4095 monumentiS,
1663 4022 1822 4082 unde
1871 4022 1970 4082 ille
2011 4024 2106 4082 vel
2146 4020 2468 4101 aliquando
2515 4041 2637 4083 non

444 4122 603 4181 bona
631 4121 745 4181 fide
775 4122 1121 4199 accepisset,
1155 4122 1379 4181 Erasmi
1408 4140 1622 4180 nomen
1654 4140 1768 4179 non
1802 4139 1908 4198 pro
1937 4128 2109 4191 teste,
2153 4118 2259 4178 sed
2288 4136 2394 4197 pro
2409 4116 2636 4197 judice,

448 4217 651 4289 citent,
678 4230 855 4295 atque
883 4218 1057 4277 alieni
1097 4217 1311 4279 laboris
1339 4237 1457 4278 non
1504 4217 1674 4295 quasi
1716 4214 2155 4277 beneficiarium
2183 4213 2406 4275 faciant
2430 4226 2639 4275 aucto-

578 4327 753 4392 Delpli.
774 4334 823 4379 et
847 4330 958 4381 Var-
981 4331 1107 4380 Clas.
1250 4324 1257 4331 ’
1470 4330 1658 4380 Terent.
2465 4328 2510 4377 L
