3234 4934
557 365 685 434 144
726 368 733 375 “
1178 382 1455 434 suanus
1494 381 1754 435 cAESAR
1801 382 2174 431 scsmesn

564 526 1056 605 pronuntiatione.
1136 522 1229 583 Ad
1258 522 1411 596 haec,
1440 524 1491 583 si
1520 525 1778 584 omnium
1804 524 2242 585 >morosissimus
2287 544 2415 604 pes,
2465 542 2535 587 ac
2579 544 2752 605 paene

562 622 742 695 ferus,
771 620 1160 702 ἀντιβακχὶοε,
1186 621 1245 681 ἱῑι
1273 620 1571 682 heroicum
1602 631 1874 700 receptus
1902 631 1998 682 est
2023 620 2182 700 apud
2213 620 2570 687 Homerum:
2615 642 2752 683 cum

563 719 907 795 Αἰγύπτιον,
934 732 997 778 ει
1022 716 1351 795 ἀνδροτῆτα,
1386 718 1529 777 facit
1554 734 1622 777 ut
1649 716 1952 798 dactylum
1979 717 2328 797 primoribus
2356 717 2600 797 syllabis
2629 738 2756 779 am-

560 815 913 895 plectantur,
973 813 1137 872 nulla
1186 832 1371 873 causa
1414 822 1526 885 est,
1568 812 1710 892 quin
1759 812 2017 873 rationes
2063 814 2240 874 etiam
2305 813 2754 874 auctoritatibus

560 910 923 971 fulciantur:
964 929 1115 990 quas
1145 910 1425 969 Erasmus
1456 908 1507 968 si
1534 906 1875 986 diligentius
1900 909 2316 981 recensuisset,
2342 928 2464 969 non
2493 918 2754 971 transtu-

560 1005 731 1066 lisset
754 1006 1251 1086 praepositionem,
1301 1002 1446 1077 ‘ex,’
1484 1004 1543 1063 in
1578 1004 1853 1065 Eunuchi
1898 1005 2190 1085 prologo:
2239 1005 2347 1079 sic,
2389 1012 2406 1039 ‘
2437 1005 2556 1073 Qui
2601 1009 2754 1067 bene

562 1102 869 1175 vertendo,
910 1112 973 1163 et
998 1122 1099 1163 eas
1128 1100 1517 1163 describendo
1545 1100 1722 1174 male,
1750 1121 1827 1161 ex
1856 1101 2083 1162 Groecis
2109 1102 2304 1175 bonis,
2351 1101 2591 1162 Latinas
2618 1102 2760 1163 fecit

564 1220 685 1260 non
712 1198 947 1259 bonas!
1026 1197 1203 1268 Quod
1230 1196 1505 1276 equidem
1533 1206 1602 1257 ut
1647 1216 1767 1257 non
1817 1198 2106 1277 improbo,
2154 1199 2239 1257 ita
2285 1198 2594 1260 consilium
2639 1216 2760 1259 non

563 1294 767 1370 laudo,
792 1314 931 1374 ,quo
960 1294 1255 1355 adductus
1278 1304 1391 1367 est,
1418 1304 1486 1353 ut
1504 1293 1564 1353 id
1594 1294 1836 1367 faceret,
1858 1295 1937 1354 ob
1957 1295 2413 1375 amphimacrum
2431 1293 2760 1355 vitandum.

565 1389 667 1465 At,
715 1392 766 1452 si
810 1391 905 1451 his
949 1391 1273 1451 rationibus
1302 1410 1423 1449 non
1453 1389 1816 1468 acquiescat,
1844 1391 2128 1471 exemplis
2158 1391 2366 1451 saltem
2395 1390 2634 1451 credere
2661 1408 2764 1450 co-

566 1500 775 1569 gatur:
818 1508 955 1567 quae
998 1506 1336 1566 quanquam
1383 1486 1672 1546 habebam
1719 1506 1892 1566 paene
1940 1487 2190 1559 infinita,
2237 1498 2435 1546 tamen
2477 1495 2538 1547 et
2578 1486 2768 1545 multa

566 1584 758 1656 omisi,
784 1584 842 1642 in
872 1583 1084 1662 quibus
1112 1591 1362 1663 possent
1380 1580 1789 1661 tergiversari:
1821 1592 1882 1641 et
1908 1580 2024 1641 alia
2045 1582 2213 1640 firma
2239 1601 2412 1660 paene
2437 1582 2765 1653 innumera,

565 1700 643 1741 ne
669 1679 911 1739 taedium
938 1663 1234 1758 parerent.
1314 1678 1537 1741 Paucis
1578 1676 1756 1756 igitur
1803 1677 2066 1739 contenti
2107 1678 2318 1754 simus.
2399 1676 2489 1735 Ex
2530 1676 2766 1757 Hecyra

566 1775 747 1853 igitur
786 1794 921 1835 cum
970 1773 1116 1833 illud
1165 1792 1479 1853 possemus
1523 1771 1861 1835 adducere:
1903 1780 1922 1807 ⁴
1947 1791 2078 1834 eam
2123 1771 2522 1833 calamitatem
2567 1784 2768 1833 vestra

567 1868 1014 1949 intelligentia?
1054 1868 1492 1948 supersedimus
1536 1867 1770 1929 duabus
1816 1868 1893 1929 de
1937 1869 2178 1929 causis:
2224 1868 2505 1947 quoniam
2549 1879 2612 1928 et
2652 1868 2768 1950 ipsi

569 1966 851 2049 liquidam
882 1986 998 2027 non
1030 1965 1425 2045 geminantin
1453 1972 1755 2046 postrema
1796 1963 2093 2025 dictione:
2135 1976 2198 2025 et
2241 1984 2372 2039 nos,
2419 1984 2766 2045 pronomen,

568 2062 731 2143 quod
767 2063 955 2143 primo
983 2063 1117 2123 loco
1145 2060 1401 2142 positum
1446 2071 1561 2133 est,
1606 2061 2081 2140 monosyllabum
2120 2060 2542 2141 agnoscimus:
2585 2079 2768 2141 quare

570 2148 881 2219 audiamus
910 2179 985 2220 ex
1011 2158 1321 2218 Asinaria:
1364 2165 1381 2192 ‘
1408 2157 1585 2217 Forte
1610 2157 1664 2217 si
1692 2158 1904 2217 tussire
1931 2158 2236 2238 occoepsit,
2283 2176 2358 2217 ne
2403 2158 2491 2218 sic
2515 2157 2771 2219 tussiat!

568 2255 727 2315 Puto
770 2266 967 2315 autem
1015 2254 1103 2314 sic
1151 2252 1469 2333 legendum
1514 2254 1901 2333 praecipient:
1943 2253 2094 2313 Fors
2115 2256 2191 2332 ‚si
2232 2255 2462 2313 tussire.
2545 2251 2699 2313 Nam
2727 2253 2770 2313 ii

570 2352 760 2431 magis
788 2362 961 2412 erunt
980 2350 1227 2419 ferendi,
1246 2368 1426 2430 quam
1447 2350 1547 2430 qui
1575 2350 1870 2430 putabunt
1894 2347 2394 2428 conjunctionem,
2421 2348 2495 2421 si,
2519 2349 2766 2428 corripi:

566 2456 638 2507 ut
659 2447 743 2518 in,
770 2444 904 2515 nisi,
933 2454 995 2503 et
1035 2442 1118 2515 in,
1163 2443 1475 2522 siquidem.
1557 2443 1757 2511 Quare
1801 2442 1922 2503 alia
1959 2462 2316 2522 quoeramus.
2399 2444 2490 2503 Ex
2519 2443 2764 2523 Gurg-u-

570 2541 765 2601 lione:
795 2545 812 2574 ⁴
840 2539 980 2600 Sitit
1004 2539 1136 2601 baec
1166 2558 1337 2612 anus,
1366 2540 1724 2620 quantillum
1751 2539 1909 2609 sitit:
1939 2539 2174 2600 modica
2200 2549 2330 2609 est:
2361 2539 2558 2620 capit?
2619 2540 2769 2599 Item

571 2637 632 2695 in
660 2635 751 2696 his
780 2635 1034 2707 duobus,
1064 2634 1273 2701 binos:
1314 2642 1333 2671 ⁸
1362 2635 1651 2697 Pervelim
1680 2637 2012 2716 sepultam:
2058 2636 2166 2697 sed
2193 2656 2372 2716 quom
2401 2634 2594 2696 adhuc
2621 2653 2771 2695 naso

490 2776 499 2781 -
573 2730 723 2794 odos
754 2731 929 2791 meo.'
1008 2738 1025 2766 ‘
1052 2731 1337 2793 Sedatum
1376 2744 1478 2793 te:
1522 2750 1702 2811 quam
1747 2733 1926 2813 longe
1969 2751 2008 2792 a
2045 2751 2140 2793 me
2167 2734 2377 2793 abest:
2419 2733 2615 2792 lumen
2657 2732 2772 2792 hoc

574 2827 755 2896 vide?
834 2827 1161 2889 Videamus
1190 2827 1341 2890 alios
1368 2828 1610 2901 multos,
1656 2830 1720 2890 in
1747 2829 1955 2892 eadem
1980 2850 1998 2891 :
2043 2836 2062 2863 ⁴
2086 2828 2206 2890 Sed
2235 2827 2607 2909 grandiorem
2637 2846 2772 2907 gra·

576 2922 720 2983 dum
747 2944 891 3004 ergo
918 2926 1013 2986 fac
1043 2924 1121 2985 ad
1148 2944 1243 2985 me
1272 2926 1559 3005 obsecro.'
1623 2926 1759 2999 Ubi,
1785 2926 1904 3001 fac,
1934 2926 2180 3005 longum
2207 2935 2306 2986 est
2333 2936 2545 2985 contra
2570 2942 2776 2985 recen-

575 3018 782 3081 tiores.
835 3028 853 3055 ⁴
878 3019 1055 3081 Salve
1080 3039 1269 3081 anus:
1306 3019 1481 3100 egon'
1510 3020 1679 3082 salva
1706 3021 1837 3095 sim,
1865 3042 2000 3102 quae
2031 3022 2193 3082 sicca
2217 3040 2348 3081 sum
2379 3020 2523 3082 siti?
2561 3020 2776 3081 Jamne

576 3132 691 3193 ego
730 3114 871 3195 huic
919 3114 1054 3175 dico
1075 3115 1103 3172 ’ἐ
1143 3115 1289 3194 quid
1329 3114 1539 3175 dices?
1580 3134 1676 3175 me
1700 3116 1968 3194 periisse,
1997 3114 2149 3194 age!
2229 3116 2376 3175 Item
2405 3135 2480 3175 ex
2509 3114 2736 3175 Andria
2754 3134 2776 3175 :

577 3216 595 3243 ‘
621 3208 759 3267 Sive
794 3208 913 3266 ista
936 3225 1107 3276 uxor,
1154 3209 1278 3266 sive
1304 3208 1491 3268 amica
1515 3217 1629 3280 est,
1676 3207 1921 3287 gravida
1947 3230 1981 3268 e
2026 3208 2336 3289 Pamphilo
2363 3209 2496 3270 est!
2577 3209 2712 3277 Quo
2737 3228 2777 3267 e

580 3322 754 3363 versu
781 3313 851 3373 ut
892 3303 1172 3364 creticum
1216 3302 1469 3374 tolleret,
1510 3322 1632 3363 non
1675 3304 1893 3363 veritus
1923 3313 2018 3363 est
2041 3304 2332 3365 universoe
2358 3303 2642 3365 orationis
2671 3301 2776 3361 de-

579 3396 813 3458 trahere
860 3408 1305 3463 ornamentum:
1345 3418 1669 3478 pronomen
1713 3398 1860 3459 illud
1909 3399 2154 3473 scilicet,
2194 3400 2356 3479 quod
2404 3400 2463 3458 in
2509 3397 2776 3459 secundo

579 3494 716 3555 loco
744 3492 944 3553 statim
986 3492 1220 3573 legitur.
1304 3494 1628 3554 Videamus
1673 3514 1816 3573 ergo
1865 3496 2042 3555 etiam
2088 3516 2163 3555 ex
2208 3495 2538 3575 Eunucho:
2582 3502 2600 3530 ⁴
2622 3495 2775 3563 Quae

579 3608 716 3650 cum
744 3599 1005 3648 amatore
1034 3609 1145 3648 suo
1170 3610 1307 3649 cum
1335 3601 1576 3651 coenaut
1601 3591 1928 3670 liguriunt!
2008 3592 2162 3652 Nam
2188 3593 2286 3654 hic
2313 3612 2431 3652 non
2459 3610 2777 3671 possumus

581 3682 863 3764 effugere,
903 3680 1046 3762 quin
1075 3694 1179 3745 aut
1204 3685 1393 3765 prima
1419 3686 1481 3745 in
1510 3684 1656 3747 sede
1681 3686 1934 3747 creticus
1966 3686 2064 3760 sit,
2089 3699 2194 3748 aut
2223 3690 2286 3748 in
2325 3690 2572 3769 quinta:
2615 3702 2775 3757 narn,

582 3782 634 3842 si
664 3777 987 3841 secundam
1013 3798 1219 3840 vocem
1244 3800 1363 3841 non
1392 3780 1665 3854 collidas,
1688 3781 1797 3841 sed
1825 3781 2108 3862 integram
2135 3784 2435 3864 relinquas
2463 3785 2525 3843 in
2549 3783 2776 3843 dimen-

584 3876 785 3937 sione:
818 3875 971 3935 sicut
997 3874 1329 3954 frequenter
1349 3878 1437 3949 fit,
1457 3886 1519 3937 et
1544 3876 1794 3937 Plautus
1816 3878 2004 3937 voluit
2026 3879 2135 3938 sibi
2162 3879 2336 3961 licere
2358 3878 2419 3936 in
2439 3875 2774 3936 Pseudulo:

585 3976 604 4006 ‘
628 3971 695 4031 Si
721 3970 798 4031 de
825 3970 1132 4030 damnosis
1158 3971 1335 4045 natis,
1364 3982 1470 4032 aut
1496 3971 1571 4032 de
1602 3974 1960 4036 amatoribus
1980 3975 2018 4036 :⁹
2041 3975 2294 4035 creticus
2324 3974 2404 4034 sit
2425 3972 2778 4032 inevitabilis

584 4066 647 4123 in
675 4066 905 4144 quinta.
991 4066 1145 4127 Nam
1173 4068 1361 4147 prima
1389 4067 1618 4147 syllaba
1665 4078 1898 4143 natura,
1941 4088 2060 4130 non
2106 4069 2399 4149 positione
2440 4069 2621 4147 longa
2659 4076 2776 4126 est.

592 4159 843 4220 Coenare
870 4162 1027 4221 enim
1050 4163 1305 4225 mediam
1330 4173 1540 4224 natura
1562 4163 1854 4243 producit.
1935 4166 2042 4226 Sin
2063 4164 2332 4236 collidas,
2349 4162 2476 4241 jam
2501 4164 2563 4221 in
2589 4162 2780 4241 prima
