3234 4934
1017 425 1114 473 na
1161 424 1442 473 narnis
1487 424 2027 475 Taassn‘rmms.
2488 408 2619 473 241

431 568 582 625 Cum
609 566 696 627 sic
723 584 954 627 caesura
981 567 1258 647 ponenda
1283 580 1465 641 esset,

669 694 1046 755 Concurrunt
1070 695 1192 755 laeti
1217 696 1300 757 mi
1325 697 1556 758 obviam
1591 695 1604 777 Ι
1640 696 2003 777 cuppediarii
2032 714 2255 767 omnes,

670 788 908 861 Cetarii,
937 790 1102 859 lanii,
1128 792 1322 872 coqui,
1358 790 1370 871 Ι
1403 792 1673 862 fartores,
1710 792 2053 871 piscatores.

432 913 586 976 Illud
615 934 848 995 quoque
875 916 936 975 in
963 914 1079 977 hoc
1107 936 1322 997 genere
1349 917 1806 989 observandum,
1834 916 2044 997 pedem
2070 917 2234 977 illum
2262 926 2399 977 ante
2426 936 2615 977 caesu-

431 1029 576 1083 ram,
603 1012 682 1070 mi
709 1011 961 1083 obviam,
990 1022 1070 1084 et,
1099 1012 1118 1071 i
1147 1014 1323 1093 coqui
1344 1030 1596 1093 semper,
1622 1025 1691 1074 ut
1717 1013 1837 1085 hic,
1877 1013 2157 1073 creticum
2187 1014 2281 1073 vel
2308 1013 2363 1073 ei
2391 1015 2617 1093 ὶσόχρο-

430 1130 532 1167 νον
557 1105 750 1167 media
773 1108 934 1167 brevi
963 1128 1094 1168 esse
1122 1121 1421 1189 oporterez
1464 1110 1693 1170 nullum
1735 1108 1831 1169 hic
1858 1109 2017 1189 apud
2057 1110 2338 1169 Nostrum
2365 1109 2619 1168 licentiae

427 1202 624 1262 locum
653 1220 824 1271 esse3
867 1222 986 1262 non
1017 1204 1206 1283 magis
1235 1224 1411 1283 quam
1450 1206 1512 1266 in
1555 1208 1674 1265 fine
1712 1204 1948 1265 senarii.
2030 1204 2180 1265 Haec
2207 1224 2480 1265 versuum
2511 1204 2621 1263 ho-

427 1316 556 1357 rum
583 1297 814 1357 indoles
842 1307 904 1359 et
930 1298 1068 1359 sola·
1087 1300 1278 1380 gratia
1303 1309 1434 1360 est:
1463 1318 1641 1379 quam
1667 1301 1726 1359 in
1757 1309 1962 1361 nostra
1988 1299 2243 1360 editione
2264 1300 2622 1360 incolumem

428 1392 686 1461 habent;
717 1394 776 1453 in
801 1394 1091 1474 prioribus
1119 1415 1257 1457 vero
1285 1404 1424 1457 ante
1453 1415 1564 1457 nos
1591 1396 1909 1457 innumeris
1931 1394 2163 1455 mendis
2192 1395 2619 1479 strangulatam

431 1500 492 1551 et
517 1489 834 1569 sepultam.

783 1662 1132 1741 CRETICI,
1173 1666 1643 1742 BAccHIAcl,
1686 1666 2271 1730 CHORIAMBICI.

513 1800 719 1874 Porro,
759 1821 938 1881 super
983 1803 1095 1864 hos
1138 1804 1422 1865 iambicos
1466 1803 1937 1886 trochaicosque‚
1987 1806 2162 1866 etiam
2202 1804 2457 1877 creticis,
2485 1806 2625 1866 bac-

434 1897 675 1970 chiacis,
698 1899 1227 1979 choriambicisque
1255 1902 1541 1972 versibus,
1564 1902 1669 1959 sed
1697 1900 1878 1961 semel
1898 1910 2128 1960 tantum
2149 1901 2421 1979 singulis,
2445 1900 2626 1961 utitur

433 1994 780 2061 Terentius;
824 1994 1026 2072 eisque
1063 1995 1122 2053 in
1150 1993 1430 2054 monodia
1457 1993 1768 2068 duntaxat,
1796 2012 2099 2072 nunquam
2127 1996 2187 2052 in
2218 1995 2513 2055 diverbio:
2541 1993 2626 2067 hi,

435 2089 706 2168 ringente
732 2090 874 2151 licet
899 2089 1140 2163 invidia,
1182 2091 1353 2149 nobis
1381 2110 1446 2151 se
1475 2089 1636 2171 apud
1665 2090 1949 2149 Nostrum
1978 2088 2235 2148 debent:

433 2233 708 2284 Creticus:
903 2232 1074 2285 Tanta
1093 2249 1157 2286 ve
1185 2234 1196 2300 Ι
1223 2234 1400 2286 cordi·
1421 2236 1476 2285 iu
1503 2234 1514 2300 Ι
1543 2235 1667 2285 nata
1682 2233 1922 2299 cuiqnam
1948 2233 1961 2298 1
1989 2233 2047 2283 {it
2067 2234 2187 2285 siet.

907 2314 1138 2367 castitas
1191 2314 1203 2379 Ι
1231 2315 1446 2365 castitas
1504 2313 1516 2380 Ι
1545 2314 1763 2365 castitas
1948 2312 1959 2378 Ι
1987 2312 2222 2363 castitas.

434 2390 787 2443 Bacchiacus:
907 2392 1093 2444 Adhuc
1115 2390 1192 2444 Ar
1219 2394 1229 2457 Ι
1257 2390 1421 2459 chylis
1444 2409 1560 2460 quae
1585 2392 1651 2444 ad
1680 2392 1690 2457 Ι
1719 2389 1887 2443 solent
1907 2407 2123 2457 qumque
2151 2390 2162 2457 Ι
2190 2390 2416 2457 oportet.

903 2473 1167 2524 Honestas
1195 2473 1206 2539 Ι
1233 2473 1470 2525 honestas
1497 2474 1510 2540 Ι
1537 2474 1779 2524 honestas
1800 2473 1819 2538 Ι
1844 2472 2101 2523 honestas.

437 2552 854 2603 Chorlambicusz
909 2552 1202 2617 'Obstipuit
1238 2554 1250 2617 Ι
1279 2554 1494 2618 pectore
1517 2568 1614 2604 con
1646 2554 1655 2619 Ι
1684 2555 1869 2605 sistere
1889 2553 1958 2602 nil
1986 2552 1997 2616 Ι
2024 2552 2203 2602 consili
2225 2554 2357 2618 quit.

908 2632 1210 2683 contremui
1238 2631 1248 2698 Ι
1276 2633 1566 2683 contremui
1637 2634 1649 2697 Ι
1676 2632 1965 2683 contremui
1992 2631 2003 2697 Ι
2032 2632 2393 2683 contremisco.

441 2752 522 2815 Hi
550 2765 768 2826 tamen,
817 2770 978 2812 more
1009 2752 1246 2826 Graeco,
1287 2754 1669 2813 novissimum
1713 2752 1822 2815 sibi
1864 2773 2094 2813 versum
2126 2754 2365 2815 alterius
2395 2758 2628 2836 generis

439 2862 768 2923 assumunt,
796 2857 863 2909 ut
885 2868 993 2929 pro
1021 2849 1276 2930 rhythmi
1303 2850 1527 2911 ratione
1556 2868 1693 2909 cum
1723 2850 1970 2927 strepitu
2000 2866 2070 2907 ac
2093 2867 2306 2910 canore
2330 2850 2627 2913 finiantur.

1308 3068 1769 3129 CLAUSULAE.

523 3184 616 3245 De
643 3180 923 3243 clausulis
951 3181 1038 3241 sic
1067 3176 1256 3239 Varro
1281 3181 1442 3259 apud
1471 3181 1775 3253 Rufinum,
1803 3200 1863 3259 p.
1896 3182 2074 3241 2707.
2120 3189 2137 3217 ‘
2167 3182 2483 3247 Clausulas
2511 3190 2630 3270 pri-

441 3299 600 3341 mum
656 3277 982 3359 appellatas
1037 3276 1264 3351 dicunt,
1303 3277 1466 3356 quod
1522 3275 1869 3338 clauderent
1918 3280 2307 3343 sententiam:
2356 3292 2425 3343 ut
2469 3284 2629 3366 apud

441 3376 726 3437 Accium:

761 3468 857 3528 An
885 3466 1034 3529 haec
1051 3468 1178 3547 jam
1202 3468 1370 3530 obliti
1397 3469 1538 3531 sfint
1562 3468 1877 3551 Phryges?

446 3564 884 3642 Nonnunquam
914 3564 990 3625 ab
1013 3563 1106 3624 his
1133 3565 1362 3625 initium
1390 3564 1495 3633 fit;
1539 3574 1607 3625 ut
1636 3564 1793 3645 apud
1824 3565 2165 3627 Caecilium:

929 3657 1010 3718 Di
1031 3658 1194 3731 boni,
1220 3658 1363 3739 quid
1390 3658 1550 3720 hoc?

447 3752 609 3834 apud
629 3751 1002 3813 Terentium:
1407 3754 1747 3816 Discrucior
1770 3755 1993 3815 animi.’

450 3850 610 3912 Huic
634 3847 858 3911 ultimoe
887 3846 1043 3907 adde
1063 3846 1238 3908 aliam
1265 3866 1338 3909 ex
1366 3848 1586 3910 Nostro
1610 3870 1628 3909 z

1326 3941 1553 4003 Occidi.

453 4040 730 4101 Ceterum
755 4038 832 4099 de
856 4038 1141 4100 clausulis
1166 4037 1281 4099 hoc
1309 4058 1428 4099 uno
1461 4041 1637 4100 verbo
1665 4038 1885 4100 dixisse
1912 4038 2198 4101 sufficiat:
2230 4040 2278 4100 si
2308 4043 2383 4101 ab
2410 4040 2495 4101 eis
2524 4042 2632 4102 ini-

452 4138 598 4197 tium
624 4138 710 4209 fit,
735 4137 938 4197 liberae
967 4146 1106 4197 sunt
1132 4148 1193 4196 et
1219 4136 1438 4196 nullius
1467 4138 1637 4197 metri
1679 4140 1909 4217 legibus
1939 4139 2232 4198 astrictae:
2278 4136 2367 4197 sin
2396 4148 2634 4199 senten-

453 4232 594 4293 tiam
630 4230 938 4304 claudunt,
982 4250 1020 4291 a
1060 4230 1532 4311 precedentibus
1576 4232 1769 4312 legem
1816 4234 2129 4313 accipiunt.
2214 4232 2455 4295 Scilicet
2498 4244 2638 4313 post

581 4342 760 4408 Delph.
777 4348 828 4394 et
843 4342 962 4394 Vaer.
981 4342 1114 4396 Chr.
1458 4342 1649 4395 Tarm.
2456 4346 2505 4397 Q
