3234 4934
982 447 1079 495 ns
1125 446 1423 495 comens
1474 446 1609 494 mm
1627 446 2098 495 snsromaus.
2479 433 2608 498 155

429 597 638 668 paest0,
666 588 897 648 duobus
926 586 1201 668 dactylis,
1242 599 1303 647 et
1349 597 1645 667 postremo
1674 588 1890 647 iambo.
1973 588 2061 646 Ibi
2090 597 2306 647 temere
2332 591 2608 650 transfert

430 684 717 765 syllabam
768 684 1055 744 inferioris
1104 682 1166 741 in
1210 684 1605 762 superiorem:
1675 694 1885 743 contra
1931 680 2136 743 debuit
2183 686 2495 746 transferre
2545 688 2606 746 in

432 780 686 859 Hecyra,
734 788 924 858 neq‘ue
968 778 1300 838 transtulit:
1365 779 1551 847 ‘Quoe
1598 778 1730 838 dico
1774 779 2243 859 parvipendent:
2295 801 2468 861 porro
2494 781 2610 842 hoc

419 877 680 959 jurgium
735 875 813 935 ad
870 876 1144 946 Uxorem,
1215 875 1345 934 haec
1412 875 1580 955 cujus
1627 876 1777 935 fiunt
1821 875 2068 936 consilio
2121 876 2318 937 omnia
2337 876 2373 936 :⁹
2456 878 2610 939 sicut

432 972 891 1052 interjectionem
920 991 1156 1051 quoque
1201 970 1404 1031 debuit
1452 972 1742 1032 ascribere
1773 973 1946 1051 priori
1975 974 2164 1033 versui
2210 973 2268 1031 in
2301 972 2611 1053 Adelphis,

434 1081 501 1129 ut
527 1070 612 1141 sic
642 1070 964 1145 legeretur:
1028 1076 1045 1103 ‘
1070 1069 1238 1148 Syre,
1273 1078 1700 1147 praeceptorum
1745 1068 1956 1146 plenus·
1997 1069 2240 1128 istorum
2288 1069 2426 1129 ille:
2468 1069 2608 1151 phy,

430 1166 607 1226 Domi
662 1165 866 1225 habuit
912 1165 1071 1226 unde
1114 1165 1403 1225 disceret:
1472 1164 1540 1222 fit
1590 1162 1842 1223 sedulo.’
1923 1163 2305 1225 Restituisset
2343 1165 2518 1225 etiam
2549 1170 2608 1225 in

434 1261 685 1342 Hecyrae
714 1280 884 1321 versu
915 1262 1175 1332 verbum,
1203 1271 1271 1319 ut
1296 1260 1375 1319 sit
1401 1260 1791 1339 septenarius,
1819 1276 1888 1317 ac
1911 1278 2018 1337 par
2043 1260 2252 1337 priori:
2297 1262 2415 1320 sic:
2461 1268 2478 1296 ‘
2501 1262 2611 1323 Te-

432 1378 567 1419 cum
594 1360 890 1417 serantur:
934 1356 1091 1416 dixi:
1136 1356 1219 1415 ita
1245 1366 1311 1415 ut
1329 1355 1505 1434 jubes
1528 1354 1761 1427 faciam,
1789 1356 1996 1435 pater.'
2078 1356 2212 1415 Non
2241 1356 2419 1418 debet
2442 1360 2614 1419 errati

432 1456 659 1516 censeri
699 1455 833 1514 loco
875 1451 1023 1513 illud
1070 1453 1128 1511 iu
1178 1451 1405 1511 Andria
1449 1471 1520 1514 eo
1561 1470 1776 1511 versu:
1840 1458 1857 1487 ⁴
1883 1450 1970 1511 Tu
2016 1471 2134 1512 rem
2163 1452 2523 1532 impeditam,
2552 1466 2618 1516 et

431 1549 721 1630 perditam
770 1545 1092 1609 restituas?
1155 1545 1288 1607 hem
1336 1566 1457 1626 quo
1506 1547 1690 1607 fretus
1737 1546 1891 1609 sim!
1999 1549 2068 1608 In
2118 1567 2237 1627 quo
2265 1549 2426 1623 dicit,
2456 1551 2613 1625 hem,

434 1654 602 1706 extra
630 1662 859 1704 versum
911 1645 985 1702 ab
1025 1643 1140 1702 alio
1190 1642 1455 1703 additum
1503 1643 1741 1723 potius:
1805 1664 1982 1724 quam
2017 1645 2272 1725 positum
2307 1667 2344 1706 a
2384 1645 2612 1707 Poeta:

434 1760 569 1801 cum
597 1752 790 1802 tamen
822 1737 1029 1799 mutila
1066 1741 1142 1798 sit
1168 1740 1294 1797 sine
1334 1758 1407 1797 eo
1436 1738 1767 1799 sententia:
1817 1748 1878 1798 et
1919 1737 2152 1799 sibilum
2179 1739 2322 1802 elidi
2344 1740 2614 1803 videmus

434 1837 610 1897 etiam
638 1838 697 1896 in
750 1836 947 1897 multis
992 1836 1159 1895 locis.
1244 1834 1343 1894 Sic
1372 1833 1656 1895 audacter
1704 1833 1876 1895 nimis
1917 1836 2103 1895 aufert
2129 1838 2392 1910 verbum,
2418 1838 2615 1918 cupio,

435 1951 509 1993 ex
536 1933 639 1993 illo
682 1931 995 1991 Eunuchi:
1056 1938 1074 1965 ‘
1098 1930 1289 2009 Cupio
1338 1929 1567 2008 aliquos
1605 1949 1812 2008 parare
1854 1932 2074 1991 amicos
2114 1932 2399 1993 beneficio
2443 1934 2616 1997 meo.'

437 2030 587 2089 Cum
618 2039 813 2088 tamen
844 2026 1207 2089 commodius
1234 2026 1513 2085 eximeret
1538 2044 1742 2086 vocem
1772 2037 2133 2106 sequentem,
2183 2029 2310 2087 sine
2338 2031 2458 2090 ullo
2485 2051 2616 2092 car·

438 2125 612 2185 minis
637 2124 1008 2197 detrimento,
1036 2124 1211 2185 etiam
1240 2123 1535 2183 sententia
1576 2123 1932 2182 rotundiore.
2013 2122 2132 2183 Sed
2171 2135 2272 2184 aut
2310 2126 2388 2184 sit
2412 2143 2618 2207 proce·

435 2222 815 2283 leusmatieus
865 2221 1085 2299 primus
1131 2238 1258 2300 pes,
1303 2228 1363 2279 et
1402 2219 1552 2279 alter
1601 2218 2072 2299 amphimacrus:
2137 2232 2241 2281 aut
2292 2242 2618 2302 pronomen

436 2318 877 2398 possessivum:
920 2317 1080 2396 quod
1128 2326 1425 2396 postremo
1475 2316 1535 2376 in
1588 2316 1722 2379 loeo
1767 2327 1880 2389 est,
1919 2318 2260 2379 demittatur
2297 2320 2356 2377 in
2385 2339 2617 2381 versum

439 2413 687 2474 alterum
717 2416 1197 2494 subsequentem,
1224 2413 1325 2491 qui
1353 2411 1733 2473 nihilominus
1777 2412 1855 2472 sit
1881 2414 2181 2474 senarius:
2223 2416 2308 2475 sic
2333 2436 2349 2474 :
2393 2423 2411 2450 ‘
2435 2416 2573 2475 Meo
2599 2436 2616 2475 ε

436 2508 498 2568 id
526 2509 754 2580 amabo,
806 2508 1011 2588 adjuta
1036 2528 1151 2579 me,
1181 2527 1300 2587 quo
1347 2506 1407 2567 id
1437 2508 1542 2567 fiat
1565 2508 1842 2570 facilius!
1923 2508 2097 2583 Nam,
2127 2510 2376 2583 facilius,
2406 2511 2618 2572 eodem

438 2604 617 2663 modo
664 2604 1035 2683 trisyllabum
1080 2613 1192 2677 est,
1246 2622 1387 2682 quo,
1428 2604 1650 2687 potius,
1699 2602 2076 2684 bisyllabum.
2179 2606 2378 2687 Eligat
2421 2618 2619 2668 autem

435 2699 645 2771 lector,
669 2698 833 2778 quod
858 2699 1045 2778 magis
1074 2698 1187 2758 erit
1233 2718 1307 2757 ex
1356 2698 1531 2757 animi
1574 2698 1896 2759 sententia:
1939 2700 2416 2780 quandoquidem
2441 2703 2620 2762 etiam

441 2795 601 2874 apud
632 2795 982 2871 Lucretium,
1012 2794 1191 2869 aliud,
1218 2796 1304 2854 ita
1344 2794 1698 2875 bisyllabum
1739 2794 2046 2875 accipitur,
2087 2806 2154 2855 ut
2179 2796 2374 2857 cauda
2401 2797 2621 2876 dactyli

440 2892 537 2952 sit.
600 2890 861 2970 Iniquior
889 2891 1001 2952 fuit
1044 2891 1126 2950 illi
1168 2892 1361 2951 versui
1408 2910 1483 2951 ex
1510 2892 1768 2972 Hecyra,
1799 2910 1872 2950 ex
1898 2910 2039 2969 quo,
2085 2891 2248 2965 dum,
2275 2892 2624 2972 particulam

442 2984 793 3065 expletivum
820 2985 1069 3043 exemit:
1118 2986 1219 3063 qui
1266 2996 1466 3045 tamen
1496 3006 1631 3045 eum
1673 2987 2074 3065 sequentibus,
2120 3004 2371 3067 cumque
2401 3008 2622 3067 praece-

442 3080 716 3141 dentibus
744 3078 1079 3140 octonarius
1107 3079 1223 3139 sit:
1284 3080 1502 3140 ‘Mane
1532 3079 1674 3138 dum
1703 3078 1915 3140 sodes:
1958 3082 2155 3152 timeo,
2196 3101 2270 3140 ne
2313 3081 2476 3141 aliud
2497 3101 2624 3141 ere-

445 3176 605 3251 dam,
632 3188 808 3257 atque
838 3176 999 3236 aliud
1029 3176 1306 3237 nunties!
1367 3176 1497 3236 Hoc
1527 3175 1607 3235 ibi
1635 3195 1768 3235 cum
1796 3176 2023 3245 adimit,
2051 3177 2133 3237 ita
2159 3177 2297 3237 alibi
2319 3197 2488 3256 seque
2515 3178 2623 3237 im-

443 3284 693 3353 portune
722 3273 893 3335 addit
920 3274 996 3334 de
1024 3294 1170 3335 suo:
1214 3284 1282 3333 ut
1307 3274 1384 3333 ad
1412 3293 1547 3333 eum
1575 3292 1808 3332 versum
1849 3293 1922 3333 ex
1950 3273 2274 3348 Eunucho:
2320 3280 2338 3308 ⁴
2358 3275 2473 3334 Par
2497 3276 2624 3354 pari

440 3372 676 3443 referto,
725 3370 884 3450 quod
932 3389 1060 3430 eam
1109 3368 1418 3431 mordeat!
1498 3369 1687 3430 Modo
1732 3369 1921 3440 addit,
1970 3388 2167 3437 nuuc:
2210 3367 2406 3442 modo,
2449 3388 2622 3438 mox:

444 3467 643 3537 modo,
672 3466 791 3534 sic:
834 3465 1013 3527 modo
1040 3466 1240 3526 nescio
1269 3464 1433 3544 quid.
1518 3466 1650 3544 Ego
1677 3485 1816 3525 vero
1843 3464 1988 3523 nihil
2031 3464 2456 3525 immutandum
2484 3486 2625 3527 cen-

448 3579 551 3620 seo
579 3559 654 3619 de
694 3561 943 3621 consilio
988 3560 1229 3622 Poetae:
1271 3562 1370 3641 qui
1416 3560 1708 3640 integrum
1750 3562 2140 3641 proverbium,
2183 3560 2337 3623 sieut
2377 3550 2626 3623 circum-

448 3656 757 3725 ferebatur,
798 3655 881 3714 ita
922 3656 1257 3718 interseruit
1300 3656 1598 3716 trochaico
1634 3666 1824 3716 tractu
1853 3676 1869 3715 ς
1912 3675 2092 3735 quare
2118 3656 2400 3719 audacius
2429 3660 2627 3731 etiam,

446 3748 798 3824 remordeat,
857 3756 1224 3831 suppositum
1270 3763 1383 3813 est.
1488 3750 1664 3823 Nam,
1705 3750 1756 3810 si
1803 3750 1945 3831 quid
1994 3751 2205 3827 addas,
2257 3773 2457 3813 versus
2505 3774 2626 3813 non

446 3855 719 3909 constet:
761 3847 813 3906 si
856 3846 999 3905 nihil
1044 3846 1255 3919 addas,
1296 3848 1374 3905 ad
1423 3846 1898 3907 concinnandum
1941 3848 2300 3909 trochaicum
2346 3849 2489 3909 nihil
2534 3862 2629 3911 est

448 3962 619 4023 opus.
704 3942 781 4003 Et
809 3962 925 4002 nou
954 3942 1145 4003 solum
1171 3942 1285 4003 hoc
1315 3944 1584 4022 exemplo
1612 3944 1674 4002 in
1715 3945 1985 4004 omnibus
2033 3945 2247 4025 legitur
2284 3946 2628 4024 exemplari·
2707 3966 2710 3969 ·

447 4039 580 4111 bus,
622 4038 730 4099 sed
776 4038 952 4098 etiam
1003 4038 1207 4099 eadem
1253 4038 1368 4099 fide
1408 4038 1716 4099 recitatum
1761 4058 1798 4099 a
1841 4039 2123 4101 Cicerone
2167 4042 2226 4099 in
2270 4040 2522 4119 epistola
2547 4042 2625 4101 ad

448 4130 778 4195 Lentulum.
875 4135 1095 4193 Verum
1144 4136 1411 4212 apposuit
1454 4134 1578 4213 pari
1631 4134 1884 4195 audacia
1933 4134 2291 4207 adverbium,
2340 4154 2520 4209 nuuc,
2569 4140 2624 4199 ei

448 4230 672 4291 versui:
703 4230 867 4291 ‘Alio
892 4242 1067 4310 pacto
1096 4230 1340 4293 honeste
1362 4250 1481 4312 quo
1505 4230 1679 4292 modo
1701 4231 1839 4293 hinc
1863 4232 2089 4305 abeam,
2113 4232 2354 4294 nescio.'
2411 4233 2621 4315 Neque
