3234 4934
641 404 777 473 2232
1377 420 1843 471 rnANorscth
1892 421 2099 470 nans

644 564 874 623 Seneca
919 560 1072 621 male
1112 560 1414 641 judicatur
1459 560 1534 621 de
1575 560 1693 621 illis
1720 563 1822 641 qui
1850 560 2125 623 Terentio
2152 569 2321 621 erant
2345 560 2439 620 vel
2466 560 2823 640 antiquiores

642 657 736 718 vel
765 665 941 717 aetate
967 676 1160 737 pares,
1188 676 1324 716 curn
1345 657 1504 737 apud
1533 676 1637 717 eos
1666 656 1843 716 etiam
1868 657 2093 717 numeri
2118 657 2303 715 multo
2331 658 2453 716 sint
2479 657 2821 735 impuriores

641 769 820 831 quam
868 751 1025 831 apud
1077 753 1336 833 tragicos
1385 754 1759 813 recentiores,
1840 753 2017 823 Quod
2064 753 2116 812 si
2162 754 2273 832 ipsi
2326 753 2503 813 etiam
2548 752 2821 813 Terentio

641 848 818 927 longe
861 849 1144 908 castiores
1190 848 1426 921 fuerint,
1476 860 1536 909 et
1578 850 1807 928 parcius
1853 850 2042 933 multo
2082 848 2335 909 licentiis
2382 858 2707 921 uterentur,-
2758 849 2820 909 id

641 944 888 1003 diversis
915 944 1209 1004 scribendi
1237 944 1548 1021 generibus
1576 944 1987 1022 imputandum
2012 952 2123 1003 est.
2208 944 2361 1002 Cum
2400 943 2727 1016 Comoedia,
2754 954 2822 1003 ut

635 1039 901 1119 pluribus
929 1040 1069 1114 dixi,
1096 1042 1396 1120 vulgarem
1437 1050 1500 1101 et
1544 1038 1829 1120 loquendi
1868 1051 1931 1101 et
1976 1040 2397 1120 pronuntiandi
2440 1040 2821 1099 consuetudi·

637 1154 772 1194 nem
801 1136 1092 1206 imitetur-3
1141 1136 1455 1217 Tragoedia
1493 1156 1653 1211 vero,
1702 1147 1770 1197 nt
1810 1136 1870 1196 in
1913 1137 2271 1215 argumentis
2299 1136 2475 1213 longe
2498 1136 2815 1215 majoribus

633 1240 919 1303 versatur,
947 1234 1032 1292 ita
1067 1231 1324 1294 dictione
1370 1251 1608 1312 quoque
1660 1250 1788 1305 sua,
1836 1240 1899 1291 et
1939 1228 2255 1311 eloquendi
2304 1230 2530 1290 ratione
2570 1248 2607 1289 a
2644 1230 2817 1309 plebe

633 1328 975 1407 longissime
1029 1328 1272 1388 recedit.
1351 1328 1664 1407 Tragoedia
1718 1327 1873 1387 enim
1922 1336 2016 1387 est
2060 1328 2272 1407 poema
2316 1326 2534 1398 nobile,
2578 1325 2819 1400 elatum,

636 1421 848 1501 grandi
878 1423 1156 1501 lentoque
1181 1442 1364 1503 passu
1403 1422 1645 1493 incedit,
1696 1432 1854 1481 amat
1880 1421 2055 1493 lecta,
2082 1421 2346 1501 pulchra,
2376 1438 2589 1481 sonora
2616 1424 2815 1495 verba,

633 1535 745 1578 nec
772 1519 1090 1597 quicquam
1119 1536 1318 1577 eorum
1349 1538 1483 1596 quse
1504 1517 1744 1596 profert,
1774 1526 1877 1575 aut
1900 1516 2248 1595 praecipitari
2269 1516 2426 1589 velit,
2443 1525 2547 1575 aut
2563 1517 2813 1578 obscure

630 1612 836 1691 premi.
922 1613 1079 1672 Hinc
1105 1612 1419 1691 Tragoedia
1445 1612 1502 1671 in
1533 1610 1789 1671 numeris
1817 1610 1995 1670 etiam
2022 1620 2249 1671 tantum
2291 1629 2330 1670 a
2358 1610 2664 1672 Comoedia
2688 1611 2811 1672 dis-

632 1716 738 1780 tat,
767 1718 828 1767 et
853 1706 1109 1767 licentioe
1136 1706 1195 1767 in
1220 1706 1376 1767 lianc
1399 1708 1869 1786 frequentissime
1898 1715 2172 1786 receptae,
2216 1726 2353 1786 quae
2394 1707 2454 1766 in
2491 1707 2680 1768 altera
2704 1726 2809 1768 ne-

629 1821 926 1881 quaquam
958 1813 1157 1863 essent
1183 1802 1463 1864 ferendae.

713 1898 806 1957 De
834 1899 1206 1959 comicorum
1235 1898 1386 1958 enim
1417 1898 1665 1959 licentiis
1711 1898 1770 1956 in
1822 1916 2058 1977 genere,
2094 1896 2229 1977 jure
2274 1896 2464 1967 dicas,
2506 1896 2665 1978 quod
2691 1898 2807 1958 Te-

628 1992 932 2053 rentianus
983 1993 1436 2073 elegantissimis
1470 1993 1733 2051 versibus
1783 1992 1928 2052 dixit
1972 1992 2053 2052 de
2096 1993 2379 2071 singulari
2424 1994 2545 2065 illa,
2586 2011 2706 2073 qua
2743 1994 2803 2053 in

629 2087 893 2149 iambicis
921 2088 1270 2169 spondaeum
1295 2090 1390 2149 vel
1415 2086 1715 2169 dactylum
1754 2088 1813 2149 in
1861 2086 2127 2149 secundo
2164 2088 2259 2149 vel
2300 2100 2509 2168 quarto
2536 2088 2669 2151 loco
2694 2108 2805 2171 po-

623 2194 888 2245 suerunt.

944 2320 1065 2389 Sed
1092 2330 1193 2409 qui
1221 2330 1521 2408 pedestres
1546 2327 1781 2388 fabulas
1808 2346 1985 2389 socco
2011 2335 2302 2408 premunt,

945 2422 1027 2481 Ut
1053 2442 1188 2501 qua>
1214 2424 1536 2502 loquuntur
1563 2431 1756 2483 sumta
1782 2423 1858 2482 de
1883 2422 2003 2482 vita
2027 2430 2221 2503 putes,

941 2515 1172 2577 Vitiant
1195 2518 1452 2579 iambum
1482 2520 1765 2579 tractibus
1794 2518 2153 2597 spondaicis,

935 2612 1014 2670 Et
1039 2613 1098 2671 in
1128 2613 1392 2673 secundo
1415 2624 1476 2673 et
1500 2614 1713 2674 ceteris
1742 2632 1911 2693 aeque
1939 2613 2107 2699 locis.

935 2706 1258 2788 Fidemque
1279 2709 1428 2767 fictis
1457 2708 1598 2767 dum
1626 2718 1941 2786 procurant
1963 2706 2204 2779 fabulis,

935 2807 1006 2865 In
1035 2814 1220 2865 metra
1247 2814 1496 2884 peccant
1521 2816 1667 2874 arte,
1694 2822 1815 2863 non
1844 2804 2093 2875 inscitia,

937 2902 1030 2960 Ne
1058 2901 1180 2962 sint
1200 2918 1414 2959 sonora
1439 2899 1618 2959 verba
1645 2896 2111 2970 consuetudinis,
2137 2898 2250 2956 &c-

614 3045 799 3109 Iambi
816 3043 1055 3126 quidem
1083 3044 1259 3106 sedes
1288 3044 1482 3105 Graeci
1503 3064 1739 3125 quoque
1768 3045 1993 3105 Comici
2013 3044 2289 3104 vitiarunt
2308 3043 2592 3105 tractibus
2611 3058 2789 3123 spon·

614 3143 836 3211 daicisz
881 3152 942 3203 et
989 3142 1051 3201 id
1094 3143 1324 3221 insigne
1369 3151 1463 3201 est
1507 3142 1821 3201 discrimen
1865 3142 2015 3199 inter
2040 3160 2145 3199 eos
2171 3150 2231 3199 et
2255 3139 2581 3217 Tragoediae
2606 3138 2788 3219 scrip-

610 3248 808 3297 tores:
852 3238 958 3297 sed
985 3236 1098 3297 hoc
1127 3237 1321 3297 Graeci
1351 3256 1502 3297 raro.
1587 3238 1779 3296 Latini
1808 3255 1963 3306 vero,
1991 3246 2058 3294 ut
2084 3234 2370 3295 Prisciani
2407 3232 2599 3293 verbis
2634 3244 2787 3305 utar,

612 3337 630 3366 ‘
647 3330 706 3389 in
736 3330 936 3390 multis
964 3330 1194 3391 initium
1222 3331 1465 3411 aliquod
1489 3332 1844 3411 accipientes
1872 3350 1908 3389 a
1936 3328 2185 3400 Graecis,
2214 3330 2407 3387 solent
2426 3329 2502 3387 ab
2528 3338 2786 3405 angusto

609 3426 670 3484 in
699 3422 949 3484 effusum
985 3424 1242 3486 licentiae
1287 3426 1538 3506 spatium
1577 3427 1691 3486 hoc
1728 3426 1973 3485 dilatare
1997 3424 2037 3483 :’
2072 3423 2254 3502 quod,
2288 3431 2357 3481 ut
2395 3418 2537 3493 dixi,
2563 3420 2785 3501 lingum

605 3520 918 3598 plurimum
963 3520 1105 3581 vitio
1158 3520 1503 3582 vertendum
1545 3532 1658 3581 est.
1740 3520 1944 3581 Latine
1991 3517 2207 3597 quippe
2252 3518 2573 3577 scribentes
2614 3517 2781 3578 salvo

604 3614 734 3694 puri
761 3616 1043 3675 sermonis
1072 3617 1258 3679 nitore
1283 3618 1444 3678 haud
1488 3619 1718 3678 efficere
1761 3624 2024 3694 potuere,
2066 3621 2154 3686 ut,
2202 3613 2263 3673 in
2291 3602 2427 3673 viioe
2454 3615 2780 3675 communis

604 3710 780 3770 rebus
807 3711 1220 3792 exprimendis,
1248 3716 1504 3775 numeris
1531 3712 1953 3774 astrictioribus
1977 3717 2301 3772 uterentur.

687 3805 864 3874 Quod
894 3806 972 3866 ad
998 3826 1100 3867 eas
1121 3820 1320 3870 autem
1345 3809 1614 3870 licentias
1644 3828 1792 3887 quas
1822 3806 2095 3867 adhibuit
2119 3804 2446 3876 Terentius,
2474 3822 2549 3863 ne
2576 3802 2779 3863 lectori

598 3902 797 3963 minus
825 3904 1140 3964 exercitato
1183 3906 1277 3965 vel
1313 3906 1607 3966 minimam
1638 3901 2121 3965 offensiunculam
2147 3901 2486 3980 objicerent,
2510 3898 2778 3958 ubicum-

602 4017 716 4076 que
764 4000 824 4057 in
872 3998 1166 4078 prosodioe
1211 4002 1446 4080 regulas
1488 4014 1786 4082 peccatur,
1834 4000 2005 4078 signo
2050 3997 2248 4075 aliquo
2300 4012 2576 4073 quaenam
2618 4004 2778 4055 esset

599 4091 853 4167 licentia,
879 4096 1134 4158 indicavi
1159 4115 1176 4157 z
1219 4096 1460 4177 syllabis
1508 4107 1721 4176 praeter
1750 4113 1969 4157 morem
1998 4091 2280 4171 correptis
2309 4098 2615 4149 accentum
2642 4088 2775 4149 bre-

599 4206 750 4261 vem,
804 4192 1105 4271 productis
1149 4193 1393 4275 longum
1436 4193 1719 4274 apposui3
1778 4208 1979 4253 eorum
2016 4186 2189 4247 etiam
2233 4185 2479 4247 alterurn
2508 4182 2770 4263 ,appinxi
