3234 4934
835 458 1201 511 nnunus
1247 458 1547 509 namen
1596 458 2116 508 nisena-urio.
2489 444 2574 511 83

390 601 673 665 tembris:
716 599 1013 663 durabant
1056 610 1251 661 autem
1295 620 1416 662 non
1466 600 1716 680 amplius
1763 598 1890 661 dies
1939 618 2174 662 novem.
2255 602 2466 662 Cicero
2515 604 2576 663 in

394 699 629 761 actione
654 696 843 779 prima
866 696 926 757 in
956 697 1195 758 Verrem
1220 716 1237 757 ε
1281 697 1517 757 ‘'Nonoe
1546 707 1689 757 sunt
1712 696 1892 757 bodie
1921 696 2206 765 Sextilesz
2247 696 2396 757 hora
2422 714 2582 759 nona

392 797 707 856 convenire
734 794 1035 875 eoepistis:
1077 794 1239 854 bunc
1266 792 1423 855 diem
1456 794 1583 873 jam
1608 815 1684 854 ne
1713 805 2026 855 numerant
2053 792 2290 874 quidem
2315 814 2332 853 ι
2375 794 2581 855 decem

396 891 525 951 dies
554 899 695 953 sunt
718 899 857 949 ante
885 888 1087 951 Ludos
1112 890 1364 964 votivos,
1411 909 1563 969 quos
1594 890 1707 951 Cn.
1739 890 2053 970 Pompeius
2081 892 2342 952 facturus
2369 901 2498 952 est:
2541 892 2583 951 ii

398 986 549 1047 Ludi
591 985 719 1047 dies
769 985 1105 1067 quindecim
1152 986 1459 1046 auferent:
1503 984 1720 1045 deinde
1767 986 2016 1046 Romani
2063 987 2346 1046 continuo
2374 1006 2584 1048 conse-

398 1092 689 1162 quentur:
730 1081 817 1141 ita
842 1100 1027 1161 prope
1060 1100 1171 1141 xx..
1200 1082 1421 1163 ‹liebus-
1438 1081 1820 1163 interpositis,
1859 1093 1982 1143 tum
2013 1081 2266 1162 denique
2295 1102 2359 1143 se
2387 1082 2464 1143 ad
2493 1103 2584 1157 ea,

390 1198 535 1258 quoe
562 1198 601 1239 a
626 1178 797 1241 nobi·
826 1176 990 1239 dicta
1014 1188 1207 1251 erunt,
1250 1198 1640 1257 responsuros
1682 1196 1816 1237 esse
1851 1178 2244 1239 arbitrantur!
2322 1180 2588 1248 Quorum

400 1274 630 1336 dierum
656 1274 708 1335 si
742 1273 879 1353 quis
906 1272 1191 1335 rationem
1219 1276 1531 1347 subducat,
1572 1286 1635 1335 et
1679 1276 1790 1335 sub
1832 1275 2058 1335 initium
2101 1276 2461 1354 Septembris
2486 1294 2587 1334 ca-

401 1369 541 1431 dere
570 1369 771 1431 Ludos
802 1369 1125 1441 Romanos,
1172 1380 1235 1429 et
1282 1389 1401 1429 non
1432 1370 1686 1450 amplius
1715 1389 1924 1431 novem
1951 1368 2077 1429 dies
2107 1368 2351 1429 durasse
2381 1370 2589 1449 depre-

399 1466 645 1527 hendet.
712 1464 805 1525 De
830 1464 903 1525 iis
932 1462 1115 1523 Ludis
1144 1464 1427 1525 Romanis
1456 1465 1542 1525 ita
1569 1465 1782 1526 Cicero
1809 1465 1958 1525 libro
1986 1464 2194 1543 quinto
2223 1464 2282 1522 in
2313 1465 2587 1525 Verrem:

400 1568 421 1597 ⁴
450 1562 631 1622 Nunc
676 1580 805 1622 sum
852 1559 1195 1639 designatus
1242 1560 1493 1629 AEdilis;
1534 1560 1727 1622 habeo
1771 1561 2054 1621 rationem
2098 1558 2242 1639 quid
2283 1578 2321 1617 a
2369 1560 2590 1639 populo

404 1656 677 1717 Romano
704 1656 1068 1735 acceperim:
1110 1656 1253 1714 mibi
1298 1656 1497 1718 Ludos
1536 1656 1944 1717 sanctissimos
1972 1656 2230 1715 maxima
2258 1674 2393 1715 cum
2423 1655 2590 1715 eseri-

398 1754 601 1815 monia
625 1751 843 1825 Cereri,
873 1751 1117 1825 Liberae,
1157 1752 1482 1833 Liberoque
1509 1751 1833 1827 faciendos,
1879 1752 2021 1811 mihi
2071 1750 2304 1811 Floram
2335 1751 2590 1811 Matrem

401 1849 622 1929 populo
664 1848 941 1929 plebique
984 1850 1273 1909 Romanae
1318 1849 1617 1910 Ludornm
1647 1848 1984 1909 celebritate
2027 1846 2405 1927 placandam,
2453 1850 2595 1907 mihi

406 1943 608 2005 Ludos
636 1944 1099 2022 antiquissimos,
1147 1946 1249 2024 qui
1291 1946 1459 2023 primi
1511 1945 1768 2005 Romani
1814 1953 1956 2003 sunt
1998 1942 2298 2022 appellati,
2342 1940 2628 2004 maxima·

406 2056 543 2097 cum
572 2038 863 2118 dignitate
890 2058 960 2099 ac
990 2039 1271 2118 religione
1298 2040 1454 2113 Jovi,
1498 2040 1740 2110 Junoni,
1776 2038 2180 2115 Minervaeque
2209 2055 2339 2095 esse
2369 2037 2594 2097 faciun-

408 2132 542 2207 dos,
568 2133 709 2194 mibi
736 2151 1035 2194 sacrarum
1063 2132 1277 2193 aedium
1306 2132 1818 2214 procurationem‚’
1865 2136 1979 2192 etc.
2063 2130 2198 2199 Quo
2225 2130 2358 2190 loco
2387 2132 2596 2211 Mega-

406 2232 605 2291 lenses
632 2228 831 2289 Ludos
860 2248 979 2288 non
1022 2230 1338 2304 omisisset,
1381 2250 1530 2309 quos
1560 2228 1786 2289 AEdiles
1815 2248 2044 2288 summa
2071 2227 2352 2306 religione
2380 2239 2440 2287 et
2468 2229 2599 2307 dig-

410 2327 594 2387 nitate
622 2326 935 2400 faciebant,
964 2325 1077 2386 nisi
1101 2324 1275 2386 iidem
1296 2335 1357 2385 et
1380 2326 1761 2406 Megalenses
1784 2323 1933 2383 Ludi
1961 2323 2210 2383 fuissent
2237 2334 2296 2382 et
2322 2321 2596 2383 Romam.

414 2420 544 2482 Hac
572 2434 771 2481 tamen
800 2430 928 2482 tota
956 2420 1031 2481 de
1060 2440 1121 2481 re
1148 2432 1554 2483 asseveranter
1582 2420 1807 2481 dictum
1831 2418 1978 2479 nihil
2003 2418 2197 2479 velim.

1046 2847 1508 2915 DANIELIS
1570 2848 1979 2929 uEmsn,

580 3018 677 3068 AD
716 3014 1033 3067 HORATu
1072 3014 1174 3065 DE
1206 3013 1499 3065 PLAUTO
1538 3013 1632 3063 m*
1661 3014 2035 3065 TERENTIO
2069 3016 2445 3078 JUDICIUM,

1274 3141 1752 3203 stsnnra‘rxo.

743 3327 826 3386 At
849 3325 1036 3386 nostri
1062 3323 1265 3404 proavi
1294 3322 1603 3383 Plautinos
1634 3332 1697 3382 et
1721 3340 1996 3383 numeros
2026 3334 2088 3383 et

744 3421 1085 3483 Laudavere
1113 3422 1305 3489 sales;
1350 3420 1590 3481 nimium
1620 3420 1912 3498 patienter
1937 3428 2269 3498 utrumque,

745 3518 839 3579 Ne
866 3516 1059 3577 dicam
1088 3516 1289 3587 stulte,
1316 3515 1545 3575 mirati:
1590 3514 1644 3597 si
1670 3514 1848 3574 modo
1873 3534 1988 3594 ego
2016 3526 2078 3575 et
2105 3534 2210 3575 vos

744 3612 979 3673 Scimus
1008 3613 1359 3672 inurbanum
1385 3609 1585 3690 lepido
1614 3628 1898 3689 seponere
1927 3609 2109 3683 dieto,

742 3708 1208 3787 Legitimumque
1232 3726 1446 3768 sonum
1472 3706 1676 3785 digitis
1704 3704 1988 3767 callemus
2017 3716 2080 3767 et
2108 3725 2267 3766 aure.

430 3854 689 3915 Donum
720 3849 993 3931 equidem
1011 3850 1323 3929 judicium,
1370 3862 1431 3913 et
1456 3851 1615 3933 quod
1646 3870 1768 3912 non
1797 3871 1969 3911 nemo
1997 3850 2110 3911 hac
2140 3860 2314 3909 aetate
2344 3848 2417 3909 de
2447 3848 2611 3927 lepo-

426 3970 556 4009 rum
599 3946 856 4008 omnium
905 3954 1167 4026 parente,
1218 3968 1445 4008 summo
1474 3948 1697 4008 Critico
1726 3966 1795 4008 ac
1823 3947 2078 4007 maximo
2111 3944 2297 4006 Po'elta
2323 3943 2615 4004 excidisse

428 4045 653 4106 nollet:
685 4045 855 4122 cujus
884 4054 1079 4103 tamen
1110 4064 1307 4105 vernoe
1335 4044 1543 4106 melius
1573 4044 1649 4103 de
1679 4044 1894 4104 Plauto
1913 4041 2284 4123 judicabant,
2311 4059 2486 4117 quam
2516 4043 2616 4119 qui

431 4162 587 4201 nunc
616 4141 892 4200 familiam
931 4140 991 4198 in
1033 4138 1215 4199 literis
1258 4140 1410 4199 tueri
1444 4140 1559 4200 hae
1589 4150 1766 4201 aetate
1793 4138 2135 4199 creduntur.
2219 4136 2335 4203 Qui
2365 4156 2472 4195 nec
2503 4156 2615 4195 sae-

432 4238 571 4311 culi,
600 4257 719 4317 quo
750 4236 912 4309 vixit,
953 4244 1015 4296 et
1041 4254 1181 4315 que,
1209 4256 1343 4298 cum
1372 4235 1605 4307 Polisis,
1651 4248 1774 4295 tum
1802 4234 2008 4295 Latina
2036 4232 2261 4311 lingua,
2309 4230 2384 4291 ad
2415 4251 2617 4312 supre-
