<?xml version="1.0" encoding="UTF-8"?>
<!DOCTYPE html PUBLIC "-//W3C//DTD XHTML 1.0 Transitional//EN"
    "http://www.w3.org/TR/xhtml1/DTD/xhtml1-transitional.dtd">
<html xmlns="http://www.w3.org/1999/xhtml" xml:lang="en" lang="en">
 <head>
  <title>
</title>
<meta http-equiv="Content-Type" content="text/html;charset=utf-8" />
  <meta name='ocr-system' content='tesseract 3.04.00' />
  <meta name='ocr-capabilities' content='ocr_page ocr_carea ocr_par ocr_line ocrx_word'/>
</head>
<body>
  <div class='ocr_page' id='page_1' title='image "./comoedisex10westgoog_0255.png"; bbox 0 0 3234 4934; ppageno 0'>
   <div class='ocr_carea' id='block_1_1' title="bbox 1043 388 2651 461">
    <p class='ocr_par' dir='ltr' id='par_1_1' title="bbox 1043 388 2651 461">
     <span class='ocr_line' id='line_1_1' title="bbox 1043 388 2651 461; baseline 0.001 -6"><span class='ocrx_word' id='word_1_1' title='bbox 1043 408 1144 455; x_wconf 72' lang='lat' dir='ltr'>nn</span> <span class='ocrx_word' id='word_1_2' title='bbox 1189 406 1472 455; x_wconf 70' lang='lat' dir='ltr'>uernis</span> <span class='ocrx_word' id='word_1_3' title='bbox 1515 406 2060 457; x_wconf 53' lang='lat' dir='ltr'>‘rannus-mm&amp;</span> <span class='ocrx_word' id='word_1_4' title='bbox 2335 422 2341 428; x_wconf 94' lang='lat'>·</span> <span class='ocrx_word' id='word_1_5' title='bbox 2520 388 2651 461; x_wconf 65' lang='lat'>247</span> 
     </span>
    </p>
   </div>
   <div class='ocr_carea' id='block_1_2' title="bbox 706 640 2389 815">
    <p class='ocr_par' dir='ltr' id='par_1_2' title="bbox 706 640 2389 815">
     <span class='ocr_line' id='line_1_2' title="bbox 706 640 2389 713; baseline 0 -11"><span class='ocrx_word' id='word_1_6' title='bbox 706 641 1088 704; x_wconf 82' lang='lat' dir='ltr'>LICENTIA</span> <span class='ocrx_word' id='word_1_7' title='bbox 1127 640 1678 713; x_wconf 84' lang='lat' dir='ltr'><strong>TERENTIANA,</strong></span> <span class='ocrx_word' id='word_1_8' title='bbox 1719 642 1891 710; x_wconf 84' lang='lat' dir='ltr'>QUA</span> <span class='ocrx_word' id='word_1_9' title='bbox 1933 641 2389 703; x_wconf 87' lang='lat' dir='ltr'><strong>DEFLECTIT</strong></span> 
     </span>
     <span class='ocr_line' id='line_1_3' title="bbox 1158 750 1903 815; baseline -0.001 0"><span class='ocrx_word' id='word_1_10' title='bbox 1158 757 1213 815; x_wconf 89' lang='lat' dir='ltr'><strong>A</strong></span> <span class='ocrx_word' id='word_1_11' title='bbox 1255 752 1575 815; x_wconf 79' lang='lat' dir='ltr'><strong>LATINIS</strong></span> <span class='ocrx_word' id='word_1_12' title='bbox 1616 750 1903 814; x_wconf 88' lang='lat' dir='ltr'>EPIClS.</span> 
     </span>
    </p>
   </div>
   <div class='ocr_carea' id='block_1_3' title="bbox 463 895 2675 3173">
    <p class='ocr_par' dir='ltr' id='par_1_3' title="bbox 463 895 2675 3173">
     <span class='ocr_line' id='line_1_4' title="bbox 547 895 2653 978; baseline 0 -22"><span class='ocrx_word' id='word_1_13' title='bbox 547 895 688 970; x_wconf 88' lang='lat' dir='ltr'>Sed,</span> <span class='ocrx_word' id='word_1_14' title='bbox 734 908 800 957; x_wconf 90' lang='lat' dir='ltr'>ut</span> <span class='ocrx_word' id='word_1_15' title='bbox 825 898 1083 972; x_wconf 80' lang='lat' dir='ltr'>redeam,</span> <span class='ocrx_word' id='word_1_16' title='bbox 1133 898 1293 960; x_wconf 87' lang='lat' dir='ltr'>unde</span> <span class='ocrx_word' id='word_1_17' title='bbox 1339 899 1642 978; x_wconf 79' lang='lat' dir='ltr'>digressus</span> <span class='ocrx_word' id='word_1_18' title='bbox 1689 916 1839 958; x_wconf 88' lang='lat' dir='ltr'>sum.</span> <span class='ocrx_word' id='word_1_19' title='bbox 1924 896 2007 958; x_wconf 89' lang='lat' dir='ltr'>Ut</span> <span class='ocrx_word' id='word_1_20' title='bbox 2052 916 2089 957; x_wconf 85' lang='lat' dir='ltr'>a</span> <span class='ocrx_word' id='word_1_21' title='bbox 2136 898 2363 959; x_wconf 81' lang='lat' dir='ltr'>Graecis</span> <span class='ocrx_word' id='word_1_22' title='bbox 2410 897 2653 958; x_wconf 86' lang='lat' dir='ltr'>comicis</span> 
     </span>
     <span class='ocr_line' id='line_1_5' title="bbox 466 991 2659 1076; baseline 0 -25"><span class='ocrx_word' id='word_1_23' title='bbox 466 992 838 1055; x_wconf 81' lang='lat' dir='ltr'>desciverunt</span> <span class='ocrx_word' id='word_1_24' title='bbox 883 996 1074 1055; x_wconf 87' lang='lat' dir='ltr'>Latini</span> <span class='ocrx_word' id='word_1_25' title='bbox 1121 1016 1230 1076; x_wconf 86' lang='lat' dir='ltr'>pro</span> <span class='ocrx_word' id='word_1_26' title='bbox 1270 994 1543 1055; x_wconf 87' lang='lat' dir='ltr'>brevibus</span> <span class='ocrx_word' id='word_1_27' title='bbox 1589 992 1832 1074; x_wconf 79' lang='lat' dir='ltr'><strong>syllabis</strong></span> <span class='ocrx_word' id='word_1_28' title='bbox 1882 993 2086 1053; x_wconf 85' lang='lat' dir='ltr'>tardas</span> <span class='ocrx_word' id='word_1_29' title='bbox 2126 991 2528 1061; x_wconf 68' lang='lat' dir='ltr'>infulciendoz</span> <span class='ocrx_word' id='word_1_30' title='bbox 2572 994 2659 1052; x_wconf 89' lang='lat' dir='ltr'>ita</span> 
     </span>
     <span class='ocr_line' id='line_1_6' title="bbox 464 1087 2658 1172; baseline 0.001 -27"><span class='ocrx_word' id='word_1_31' title='bbox 464 1088 608 1147; x_wconf 80' lang='lat' dir='ltr'>vitio</span> <span class='ocrx_word' id='word_1_32' title='bbox 650 1107 891 1167; x_wconf 90' lang='lat' dir='ltr'>prorsus</span> <span class='ocrx_word' id='word_1_33' title='bbox 934 1091 1226 1151; x_wconf 86' lang='lat' dir='ltr'>contrario</span> <span class='ocrx_word' id='word_1_34' title='bbox 1272 1100 1616 1172; x_wconf 85' lang='lat' dir='ltr'>peccarunt,</span> <span class='ocrx_word' id='word_1_35' title='bbox 1664 1087 2033 1170; x_wconf 86' lang='lat' dir='ltr'>corripiendo</span> <span class='ocrx_word' id='word_1_36' title='bbox 2090 1089 2317 1151; x_wconf 85' lang='lat' dir='ltr'>scilicet</span> <span class='ocrx_word' id='word_1_37' title='bbox 2368 1087 2658 1169; x_wconf 88' lang='lat' dir='ltr'>ejusmodi</span> 
     </span>
     <span class='ocr_line' id='line_1_7' title="bbox 467 1182 2661 1264; baseline -0.001 -21"><span class='ocrx_word' id='word_1_38' title='bbox 467 1182 750 1262; x_wconf 85' lang='lat' dir='ltr'>syllabas,</span> <span class='ocrx_word' id='word_1_39' title='bbox 775 1204 911 1263; x_wconf 80' lang='lat' dir='ltr'>quae</span> <span class='ocrx_word' id='word_1_40' title='bbox 947 1184 1008 1244; x_wconf 90' lang='lat' dir='ltr'>in</span> <span class='ocrx_word' id='word_1_41' title='bbox 1040 1184 1251 1246; x_wconf 82' lang='lat' dir='ltr'>Latino</span> <span class='ocrx_word' id='word_1_42' title='bbox 1293 1205 1563 1247; x_wconf 80' lang='lat' dir='ltr'>sermone</span> <span class='ocrx_word' id='word_1_43' title='bbox 1606 1195 1779 1246; x_wconf 88' lang='lat' dir='ltr'>erant</span> <span class='ocrx_word' id='word_1_44' title='bbox 1802 1184 2021 1264; x_wconf 80' lang='lat' dir='ltr'>longae.</span> <span class='ocrx_word' id='word_1_45' title='bbox 2106 1184 2300 1264; x_wconf 87' lang='lat' dir='ltr'>Hujus</span> <span class='ocrx_word' id='word_1_46' title='bbox 2342 1193 2540 1245; x_wconf 84' lang='lat' dir='ltr'>autem</span> <span class='ocrx_word' id='word_1_47' title='bbox 2587 1183 2661 1242; x_wconf 88' lang='lat' dir='ltr'>li-</span> 
     </span>
     <span class='ocr_line' id='line_1_8' title="bbox 465 1278 2660 1360; baseline -0 -22"><span class='ocrx_word' id='word_1_48' title='bbox 465 1278 680 1338; x_wconf 81' lang='lat' dir='ltr'>centiae</span> <span class='ocrx_word' id='word_1_49' title='bbox 707 1280 950 1340; x_wconf 88' lang='lat' dir='ltr'>modum</span> <span class='ocrx_word' id='word_1_50' title='bbox 981 1300 1052 1340; x_wconf 88' lang='lat' dir='ltr'>ac</span> <span class='ocrx_word' id='word_1_51' title='bbox 1079 1282 1227 1342; x_wconf 81' lang='lat' dir='ltr'>fines</span> <span class='ocrx_word' id='word_1_52' title='bbox 1255 1299 1375 1340; x_wconf 92' lang='lat' dir='ltr'>non</span> <span class='ocrx_word' id='word_1_53' title='bbox 1415 1280 1675 1360; x_wconf 81' lang='lat' dir='ltr'>cujusvis</span> <span class='ocrx_word' id='word_1_54' title='bbox 1704 1290 1797 1339; x_wconf 86' lang='lat' dir='ltr'>est</span> <span class='ocrx_word' id='word_1_55' title='bbox 1825 1280 2147 1359; x_wconf 78' lang='lat' dir='ltr'>reperisse3</span> <span class='ocrx_word' id='word_1_56' title='bbox 2194 1298 2329 1339; x_wconf 88' lang='lat' dir='ltr'>cum</span> <span class='ocrx_word' id='word_1_57' title='bbox 2370 1299 2445 1339; x_wconf 88' lang='lat' dir='ltr'>ex</span> <span class='ocrx_word' id='word_1_58' title='bbox 2479 1278 2660 1338; x_wconf 88' lang='lat' dir='ltr'>inter-</span> 
     </span>
     <span class='ocr_line' id='line_1_9' title="bbox 463 1374 2662 1453; baseline -0 -20"><span class='ocrx_word' id='word_1_59' title='bbox 463 1374 728 1453; x_wconf 84' lang='lat' dir='ltr'>pretibus</span> <span class='ocrx_word' id='word_1_60' title='bbox 756 1374 838 1448; x_wconf 86' lang='lat' dir='ltr'>hi,</span> <span class='ocrx_word' id='word_1_61' title='bbox 865 1376 968 1452; x_wconf 86' lang='lat' dir='ltr'>qui</span> <span class='ocrx_word' id='word_1_62' title='bbox 1004 1376 1298 1436; x_wconf 71' lang='lat' dir='ltr'>laxissime</span> <span class='ocrx_word' id='word_1_63' title='bbox 1339 1386 1402 1437; x_wconf 90' lang='lat' dir='ltr'>et</span> <span class='ocrx_word' id='word_1_64' title='bbox 1427 1376 1582 1437; x_wconf 88' lang='lat' dir='ltr'>ultra</span> <span class='ocrx_word' id='word_1_65' title='bbox 1609 1375 1887 1437; x_wconf 82' lang='lat' dir='ltr'>terminos</span> <span class='ocrx_word' id='word_1_66' title='bbox 1916 1374 2215 1435; x_wconf 71' lang='lat' dir='ltr'><strong>licentiam</strong></span> <span class='ocrx_word' id='word_1_67' title='bbox 2249 1374 2407 1435; x_wconf 84' lang='lat' dir='ltr'>hanc</span> <span class='ocrx_word' id='word_1_68' title='bbox 2436 1392 2662 1451; x_wconf 78' lang='lat' dir='ltr'>expan-</span> 
     </span>
     <span class='ocr_line' id='line_1_10' title="bbox 465 1467 2661 1552; baseline 0 -25"><span class='ocrx_word' id='word_1_69' title='bbox 465 1467 638 1540; x_wconf 90' lang='lat' dir='ltr'>dunt,</span> <span class='ocrx_word' id='word_1_70' title='bbox 695 1478 958 1531; x_wconf 83' lang='lat' dir='ltr'>monstra</span> <span class='ocrx_word' id='word_1_71' title='bbox 1010 1488 1434 1550; x_wconf 84' lang='lat' dir='ltr'>nonnunquam</span> <span class='ocrx_word' id='word_1_72' title='bbox 1486 1482 1550 1531; x_wconf 85' lang='lat' dir='ltr'>et</span> <span class='ocrx_word' id='word_1_73' title='bbox 1604 1480 1879 1552; x_wconf 84' lang='lat' dir='ltr'>portenta</span> <span class='ocrx_word' id='word_1_74' title='bbox 1940 1488 2047 1549; x_wconf 86' lang='lat' dir='ltr'>pro</span> <span class='ocrx_word' id='word_1_75' title='bbox 2100 1468 2251 1530; x_wconf 79' lang='lat' dir='ltr'>veris</span> <span class='ocrx_word' id='word_1_76' title='bbox 2307 1468 2661 1530; x_wconf 82' lang='lat' dir='ltr'>lectionibus</span> 
     </span>
     <span class='ocr_line' id='line_1_11' title="bbox 465 1562 2661 1644; baseline 0 -22"><span class='ocrx_word' id='word_1_77' title='bbox 465 1571 742 1631; x_wconf 61' lang='lat' dir='ltr'>tuentum</span> <span class='ocrx_word' id='word_1_78' title='bbox 787 1563 888 1623; x_wconf 86' lang='lat' dir='ltr'>alii</span> <span class='ocrx_word' id='word_1_79' title='bbox 913 1576 1141 1638; x_wconf 87' lang='lat' dir='ltr'>contra,</span> <span class='ocrx_word' id='word_1_80' title='bbox 1165 1565 1272 1644; x_wconf 90' lang='lat' dir='ltr'>qui</span> <span class='ocrx_word' id='word_1_81' title='bbox 1297 1564 1471 1626; x_wconf 86' lang='lat' dir='ltr'>nimis</span> <span class='ocrx_word' id='word_1_82' title='bbox 1497 1567 1673 1627; x_wconf 86' lang='lat' dir='ltr'>arctis</span> <span class='ocrx_word' id='word_1_83' title='bbox 1703 1583 1833 1627; x_wconf 89' lang='lat' dir='ltr'>eam</span> <span class='ocrx_word' id='word_1_84' title='bbox 1870 1565 2085 1625; x_wconf 81' lang='lat' dir='ltr'>finibus</span> <span class='ocrx_word' id='word_1_85' title='bbox 2126 1564 2439 1637; x_wconf 85' lang='lat' dir='ltr'>claudunt,</span> <span class='ocrx_word' id='word_1_86' title='bbox 2480 1562 2661 1643; x_wconf 79' lang='lat' dir='ltr'>sylla-</span> 
     </span>
     <span class='ocr_line' id='line_1_12' title="bbox 463 1656 2661 1739; baseline 0 -23"><span class='ocrx_word' id='word_1_87' title='bbox 463 1656 690 1735; x_wconf 80' lang='lat' dir='ltr'>basque</span> <span class='ocrx_word' id='word_1_88' title='bbox 717 1675 924 1717; x_wconf 89' lang='lat' dir='ltr'>omnes</span> <span class='ocrx_word' id='word_1_89' title='bbox 951 1658 1028 1718; x_wconf 88' lang='lat' dir='ltr'>ad</span> <span class='ocrx_word' id='word_1_90' title='bbox 1065 1658 1364 1739; x_wconf 81' lang='lat' dir='ltr'>epicorum</span> <span class='ocrx_word' id='word_1_91' title='bbox 1409 1662 1717 1739; x_wconf 63' lang='lat' dir='ltr'>poetarum</span> <span class='ocrx_word' id='word_1_92' title='bbox 1764 1678 2030 1721; x_wconf 82' lang='lat' dir='ltr'>normam</span> <span class='ocrx_word' id='word_1_93' title='bbox 2081 1660 2349 1739; x_wconf 76' lang='lat' dir='ltr'>exigunt,</span> <span class='ocrx_word' id='word_1_94' title='bbox 2394 1658 2661 1737; x_wconf 75' lang='lat' dir='ltr'>singulos</span> 
     </span>
     <span class='ocr_line' id='line_1_13' title="bbox 463 1754 2665 1830; baseline -0 -17"><span class='ocrx_word' id='word_1_95' title='bbox 463 1754 586 1813; x_wconf 84' lang='lat' dir='ltr'>fere</span> <span class='ocrx_word' id='word_1_96' title='bbox 613 1772 817 1814; x_wconf 84' lang='lat' dir='ltr'>versus</span> <span class='ocrx_word' id='word_1_97' title='bbox 845 1754 1072 1815; x_wconf 87' lang='lat' dir='ltr'>miseris</span> <span class='ocrx_word' id='word_1_98' title='bbox 1100 1755 1315 1829; x_wconf 86' lang='lat' dir='ltr'>modis,</span> <span class='ocrx_word' id='word_1_99' title='bbox 1343 1755 1643 1829; x_wconf 85' lang='lat' dir='ltr'>addendo,</span> <span class='ocrx_word' id='word_1_100' title='bbox 1673 1754 2033 1829; x_wconf 85' lang='lat' dir='ltr'>mutilando,</span> <span class='ocrx_word' id='word_1_101' title='bbox 2060 1754 2429 1830; x_wconf 80' lang='lat' dir='ltr'>invertendo,</span> <span class='ocrx_word' id='word_1_102' title='bbox 2455 1763 2665 1813; x_wconf 85' lang='lat' dir='ltr'>contra</span> 
     </span>
     <span class='ocr_line' id='line_1_14' title="bbox 465 1848 2662 1929; baseline -0.001 -18"><span class='ocrx_word' id='word_1_103' title='bbox 465 1848 736 1911; x_wconf 85' lang='lat' dir='ltr'>codicum</span> <span class='ocrx_word' id='word_1_104' title='bbox 763 1849 964 1923; x_wconf 84' lang='lat' dir='ltr'>fidem,</span> <span class='ocrx_word' id='word_1_105' title='bbox 1003 1850 1286 1929; x_wconf 78' lang='lat' dir='ltr'>jugulant</span> <span class='ocrx_word' id='word_1_106' title='bbox 1324 1865 1386 1912; x_wconf 85' lang='lat' dir='ltr'>et</span> <span class='ocrx_word' id='word_1_107' title='bbox 1423 1852 1745 1913; x_wconf 86' lang='lat' dir='ltr'>trucidant.</span> <span class='ocrx_word' id='word_1_108' title='bbox 1829 1851 1988 1911; x_wconf 90' lang='lat' dir='ltr'>Illud</span> <span class='ocrx_word' id='word_1_109' title='bbox 2015 1852 2079 1910; x_wconf 89' lang='lat' dir='ltr'>in</span> <span class='ocrx_word' id='word_1_110' title='bbox 2105 1851 2447 1913; x_wconf 81' lang='lat' dir='ltr'>universum</span> <span class='ocrx_word' id='word_1_111' title='bbox 2474 1850 2662 1909; x_wconf 84' lang='lat' dir='ltr'>anim-</span> 
     </span>
     <span class='ocr_line' id='line_1_15' title="bbox 469 1943 2665 2027; baseline 0 -24"><span class='ocrx_word' id='word_1_112' title='bbox 469 1943 744 2005; x_wconf 78' lang='lat' dir='ltr'>advertas</span> <span class='ocrx_word' id='word_1_113' title='bbox 773 1944 968 2018; x_wconf 82' lang='lat' dir='ltr'>velim,</span> <span class='ocrx_word' id='word_1_114' title='bbox 1009 1945 1206 2007; x_wconf 85' lang='lat' dir='ltr'>nullas</span> <span class='ocrx_word' id='word_1_115' title='bbox 1251 1966 1358 2007; x_wconf 86' lang='lat' dir='ltr'>eos</span> <span class='ocrx_word' id='word_1_116' title='bbox 1399 1948 1681 2027; x_wconf 77' lang='lat' dir='ltr'>syllabas,</span> <span class='ocrx_word' id='word_1_117' title='bbox 1732 1966 1869 2025; x_wconf 75' lang='lat' dir='ltr'>quae</span> <span class='ocrx_word' id='word_1_118' title='bbox 1918 1956 2130 2007; x_wconf 84' lang='lat' dir='ltr'>natura</span> <span class='ocrx_word' id='word_1_119' title='bbox 2164 1956 2227 2007; x_wconf 88' lang='lat' dir='ltr'>et</span> <span class='ocrx_word' id='word_1_120' title='bbox 2250 1944 2473 2007; x_wconf 73' lang='lat' dir='ltr'>vocalis</span> <span class='ocrx_word' id='word_1_121' title='bbox 2516 1962 2665 2004; x_wconf 91' lang='lat' dir='ltr'>sono</span> 
     </span>
     <span class='ocr_line' id='line_1_16' title="bbox 471 2037 2667 2120; baseline -0.003 -17"><span class='ocrx_word' id='word_1_122' title='bbox 471 2040 669 2118; x_wconf 80' lang='lat' dir='ltr'>longae</span> <span class='ocrx_word' id='word_1_123' title='bbox 699 2050 860 2111; x_wconf 84' lang='lat' dir='ltr'>sunt,</span> <span class='ocrx_word' id='word_1_124' title='bbox 879 2040 1228 2120; x_wconf 84' lang='lat' dir='ltr'>corripuisse</span> <span class='ocrx_word' id='word_1_125' title='bbox 1250 2062 1267 2109; x_wconf 74' lang='grc' dir='ltr'>ς</span> <span class='ocrx_word' id='word_1_126' title='bbox 1299 2041 1408 2103; x_wconf 86' lang='lat' dir='ltr'>sed</span> <span class='ocrx_word' id='word_1_127' title='bbox 1435 2061 1537 2102; x_wconf 89' lang='lat' dir='ltr'>eas</span> <span class='ocrx_word' id='word_1_128' title='bbox 1564 2051 1819 2113; x_wconf 87' lang='lat' dir='ltr'>tantum,</span> <span class='ocrx_word' id='word_1_129' title='bbox 1840 2060 1977 2120; x_wconf 74' lang='lat' dir='ltr'>quoe</span> <span class='ocrx_word' id='word_1_130' title='bbox 2004 2059 2111 2119; x_wconf 87' lang='lat' dir='ltr'>per</span> <span class='ocrx_word' id='word_1_131' title='bbox 2136 2039 2401 2100; x_wconf 79' lang='lat' dir='ltr'>vocalem</span> <span class='ocrx_word' id='word_1_132' title='bbox 2426 2037 2667 2119; x_wconf 88' lang='lat' dir='ltr'>quidem</span> 
     </span>
     <span class='ocr_line' id='line_1_17' title="bbox 471 2134 2666 2215; baseline 0 -21"><span class='ocrx_word' id='word_1_133' title='bbox 471 2134 678 2195; x_wconf 83' lang='lat' dir='ltr'>breves</span> <span class='ocrx_word' id='word_1_134' title='bbox 729 2146 919 2208; x_wconf 84' lang='lat' dir='ltr'>erant,</span> <span class='ocrx_word' id='word_1_135' title='bbox 965 2136 1256 2215; x_wconf 76' lang='lat' dir='ltr'>positione</span> <span class='ocrx_word' id='word_1_136' title='bbox 1304 2148 1502 2198; x_wconf 87' lang='lat' dir='ltr'>tamen</span> <span class='ocrx_word' id='word_1_137' title='bbox 1544 2147 1605 2197; x_wconf 89' lang='lat' dir='ltr'>et</span> <span class='ocrx_word' id='word_1_138' title='bbox 1646 2134 2102 2196; x_wconf 83' lang='lat' dir='ltr'>consonantium</span> <span class='ocrx_word' id='word_1_139' title='bbox 2155 2152 2449 2197; x_wconf 79' lang='lat' dir='ltr'>concursu</span> <span class='ocrx_word' id='word_1_140' title='bbox 2489 2134 2666 2194; x_wconf 77' lang='lat' dir='ltr'>saetae</span> 
     </span>
     <span class='ocr_line' id='line_1_18' title="bbox 473 2228 2667 2311; baseline 0.001 -22"><span class='ocrx_word' id='word_1_141' title='bbox 473 2241 615 2291; x_wconf 84' lang='lat' dir='ltr'>sunt</span> <span class='ocrx_word' id='word_1_142' title='bbox 641 2232 860 2311; x_wconf 79' lang='lat' dir='ltr'>lougoe.</span> <span class='ocrx_word' id='word_1_143' title='bbox 949 2230 1064 2293; x_wconf 71' lang='lat' dir='ltr'>11oe</span> <span class='ocrx_word' id='word_1_144' title='bbox 1091 2252 1228 2294; x_wconf 83' lang='lat' dir='ltr'>vero</span> <span class='ocrx_word' id='word_1_145' title='bbox 1254 2252 1432 2293; x_wconf 81' lang='lat' dir='ltr'>voces</span> <span class='ocrx_word' id='word_1_146' title='bbox 1461 2243 1523 2292; x_wconf 89' lang='lat' dir='ltr'>et</span> <span class='ocrx_word' id='word_1_147' title='bbox 1548 2250 1791 2293; x_wconf 82' lang='lat' dir='ltr'>numero</span> <span class='ocrx_word' id='word_1_148' title='bbox 1818 2250 2028 2311; x_wconf 64' lang='lat' dir='ltr'>pauca</span> <span class='ocrx_word' id='word_1_149' title='bbox 2056 2238 2217 2302; x_wconf 88' lang='lat' dir='ltr'>sunt,</span> <span class='ocrx_word' id='word_1_150' title='bbox 2242 2228 2667 2308; x_wconf 63' lang='lat' dir='ltr'>monosyllaba</span> 
     </span>
     <span class='ocr_line' id='line_1_19' title="bbox 468 2324 2671 2415; baseline 0.001 -32"><span class='ocrx_word' id='word_1_151' title='bbox 468 2324 592 2385; x_wconf 80' lang='lat' dir='ltr'>sere</span> <span class='ocrx_word' id='word_1_152' title='bbox 612 2327 706 2389; x_wconf 88' lang='lat' dir='ltr'>vel</span> <span class='ocrx_word' id='word_1_153' title='bbox 725 2328 1085 2413; x_wconf 75' lang='lat' dir='ltr'>dissyllabae,</span> <span class='ocrx_word' id='word_1_154' title='bbox 1111 2330 1204 2391; x_wconf 84' lang='lat' dir='ltr'>vel</span> <span class='ocrx_word' id='word_1_155' title='bbox 1230 2347 1369 2391; x_wconf 85' lang='lat' dir='ltr'>eum</span> <span class='ocrx_word' id='word_1_156' title='bbox 1391 2328 1907 2415; x_wconf 76' lang='lat' dir='ltr'>praepositionibus</span> <span class='ocrx_word' id='word_1_157' title='bbox 1938 2326 2323 2407; x_wconf 69' lang='lat' dir='ltr'>compositaez</span> <span class='ocrx_word' id='word_1_158' title='bbox 2353 2335 2416 2386; x_wconf 88' lang='lat' dir='ltr'>et</span> <span class='ocrx_word' id='word_1_159' title='bbox 2436 2344 2511 2385; x_wconf 85' lang='lat' dir='ltr'>ex</span> <span class='ocrx_word' id='word_1_160' title='bbox 2538 2324 2671 2403; x_wconf 83' lang='lat' dir='ltr'>ipsa</span> 
     </span>
     <span class='ocr_line' id='line_1_20' title="bbox 473 2421 2670 2506; baseline -0.001 -23"><span class='ocrx_word' id='word_1_161' title='bbox 473 2422 616 2483; x_wconf 70' lang='lat' dir='ltr'>sede</span> <span class='ocrx_word' id='word_1_162' title='bbox 671 2425 907 2506; x_wconf 86' lang='lat' dir='ltr'>situque</span> <span class='ocrx_word' id='word_1_163' title='bbox 947 2427 1258 2489; x_wconf 82' lang='lat' dir='ltr'>commodo</span> <span class='ocrx_word' id='word_1_164' title='bbox 1309 2428 1538 2488; x_wconf 82' lang='lat' dir='ltr'>veniam</span> <span class='ocrx_word' id='word_1_165' title='bbox 1586 2434 1903 2487; x_wconf 83' lang='lat' dir='ltr'>merentur.</span> <span class='ocrx_word' id='word_1_166' title='bbox 1986 2422 2141 2484; x_wconf 86' lang='lat' dir='ltr'>Cum</span> <span class='ocrx_word' id='word_1_167' title='bbox 2186 2432 2387 2481; x_wconf 86' lang='lat' dir='ltr'>autem</span> <span class='ocrx_word' id='word_1_168' title='bbox 2434 2421 2495 2481; x_wconf 90' lang='lat' dir='ltr'>in</span> <span class='ocrx_word' id='word_1_169' title='bbox 2536 2422 2670 2501; x_wconf 85' lang='lat' dir='ltr'>ipso</span> 
     </span>
     <span class='ocr_line' id='line_1_21' title="bbox 473 2517 2670 2602; baseline 0 -27"><span class='ocrx_word' id='word_1_170' title='bbox 473 2526 693 2578; x_wconf 78' lang='lat' dir='ltr'>nostroe</span> <span class='ocrx_word' id='word_1_171' title='bbox 721 2522 998 2584; x_wconf 85' lang='lat' dir='ltr'>editionis</span> <span class='ocrx_word' id='word_1_172' title='bbox 1026 2533 1188 2583; x_wconf 78' lang='lat' dir='ltr'>textu</span> <span class='ocrx_word' id='word_1_173' title='bbox 1218 2522 1460 2602; x_wconf 73' lang='lat' dir='ltr'>singula</span> <span class='ocrx_word' id='word_1_174' title='bbox 1494 2522 1631 2584; x_wconf 76' lang='lat' dir='ltr'>hoee</span> <span class='ocrx_word' id='word_1_175' title='bbox 1664 2523 1726 2582; x_wconf 89' lang='lat' dir='ltr'>in</span> <span class='ocrx_word' id='word_1_176' title='bbox 1754 2520 2021 2582; x_wconf 82' lang='lat' dir='ltr'>versibus</span> <span class='ocrx_word' id='word_1_177' title='bbox 2052 2517 2302 2598; x_wconf 77' lang='lat' dir='ltr'>singulis</span> <span class='ocrx_word' id='word_1_178' title='bbox 2328 2536 2432 2597; x_wconf 84' lang='lat' dir='ltr'>per</span> <span class='ocrx_word' id='word_1_179' title='bbox 2458 2535 2670 2577; x_wconf 82' lang='lat' dir='ltr'>acoen-</span> 
     </span>
     <span class='ocr_line' id='line_1_22' title="bbox 473 2611 2674 2697; baseline 0.002 -29"><span class='ocrx_word' id='word_1_180' title='bbox 473 2620 640 2673; x_wconf 88' lang='lat' dir='ltr'>tuum</span> <span class='ocrx_word' id='word_1_181' title='bbox 670 2616 1041 2679; x_wconf 84' lang='lat' dir='ltr'>intervallum</span> <span class='ocrx_word' id='word_1_182' title='bbox 1085 2629 1298 2697; x_wconf 88' lang='lat' dir='ltr'>sponte</span> <span class='ocrx_word' id='word_1_183' title='bbox 1328 2638 1394 2679; x_wconf 87' lang='lat' dir='ltr'>se</span> <span class='ocrx_word' id='word_1_184' title='bbox 1422 2616 1783 2685; x_wconf 71' lang='lat' dir='ltr'>ostendantz</span> <span class='ocrx_word' id='word_1_185' title='bbox 1823 2635 1943 2676; x_wconf 90' lang='lat' dir='ltr'>non</span> <span class='ocrx_word' id='word_1_186' title='bbox 1984 2635 2135 2696; x_wconf 88' lang='lat' dir='ltr'>opus</span> <span class='ocrx_word' id='word_1_187' title='bbox 2162 2623 2275 2686; x_wconf 87' lang='lat' dir='ltr'>est,</span> <span class='ocrx_word' id='word_1_188' title='bbox 2315 2622 2385 2673; x_wconf 89' lang='lat' dir='ltr'>ut</span> <span class='ocrx_word' id='word_1_189' title='bbox 2408 2611 2674 2690; x_wconf 81' lang='lat' dir='ltr'>singilla-</span> 
     </span>
     <span class='ocr_line' id='line_1_23' title="bbox 475 2706 2673 2791; baseline 0.001 -28"><span class='ocrx_word' id='word_1_190' title='bbox 475 2706 582 2766; x_wconf 87' lang='lat' dir='ltr'>tim</span> <span class='ocrx_word' id='word_1_191' title='bbox 609 2708 708 2770; x_wconf 82' lang='lat' dir='ltr'>hic</span> <span class='ocrx_word' id='word_1_192' title='bbox 736 2722 1167 2774; x_wconf 81' lang='lat' dir='ltr'>enumerentur.</span> <span class='ocrx_word' id='word_1_193' title='bbox 1252 2712 1409 2772; x_wconf 89' lang='lat' dir='ltr'>Illud</span> <span class='ocrx_word' id='word_1_194' title='bbox 1439 2722 1670 2773; x_wconf 88' lang='lat' dir='ltr'>tantum</span> <span class='ocrx_word' id='word_1_195' title='bbox 1690 2717 1965 2784; x_wconf 89' lang='lat' dir='ltr'>monebo,</span> <span class='ocrx_word' id='word_1_196' title='bbox 1992 2709 2157 2791; x_wconf 89' lang='lat' dir='ltr'>quod</span> <span class='ocrx_word' id='word_1_197' title='bbox 2184 2716 2322 2769; x_wconf 86' lang='lat' dir='ltr'>ante</span> <span class='ocrx_word' id='word_1_198' title='bbox 2350 2727 2447 2767; x_wconf 88' lang='lat' dir='ltr'>me</span> <span class='ocrx_word' id='word_1_199' title='bbox 2465 2707 2673 2787; x_wconf 86' lang='lat' dir='ltr'>opinor</span> 
     </span>
     <span class='ocr_line' id='line_1_24' title="bbox 474 2802 2673 2891; baseline 0 -31"><span class='ocrx_word' id='word_1_200' title='bbox 474 2820 681 2875; x_wconf 80' lang='lat' dir='ltr'>nemo:</span> <span class='ocrx_word' id='word_1_201' title='bbox 731 2809 792 2866; x_wconf 90' lang='lat' dir='ltr'>in</span> <span class='ocrx_word' id='word_1_202' title='bbox 834 2811 1024 2889; x_wconf 89' lang='lat' dir='ltr'>primo</span> <span class='ocrx_word' id='word_1_203' title='bbox 1067 2809 1188 2869; x_wconf 83' lang='lat' dir='ltr'>fere</span> <span class='ocrx_word' id='word_1_204' title='bbox 1229 2829 1503 2871; x_wconf 87' lang='lat' dir='ltr'>versuum</span> <span class='ocrx_word' id='word_1_205' title='bbox 1551 2808 1726 2891; x_wconf 90' lang='lat' dir='ltr'>pede,</span> <span class='ocrx_word' id='word_1_206' title='bbox 1773 2818 1835 2870; x_wconf 91' lang='lat' dir='ltr'>et</span> <span class='ocrx_word' id='word_1_207' title='bbox 1880 2808 2114 2888; x_wconf 84' lang='lat' dir='ltr'>parcius</span> <span class='ocrx_word' id='word_1_208' title='bbox 2166 2804 2335 2876; x_wconf 80' lang='lat' dir='ltr'>alias,</span> <span class='ocrx_word' id='word_1_209' title='bbox 2375 2802 2673 2863; x_wconf 85' lang='lat' dir='ltr'>licentiam</span> 
     </span>
     <span class='ocr_line' id='line_1_25' title="bbox 474 2900 2675 2984; baseline -0.001 -25"><span class='ocrx_word' id='word_1_210' title='bbox 474 2900 629 2961; x_wconf 89' lang='lat' dir='ltr'>hanc</span> <span class='ocrx_word' id='word_1_211' title='bbox 651 2906 1011 2967; x_wconf 78' lang='lat' dir='ltr'>‚exercuisse</span> <span class='ocrx_word' id='word_1_212' title='bbox 1044 2904 1364 2965; x_wconf 88' lang='lat' dir='ltr'>Nostrum:</span> <span class='ocrx_word' id='word_1_213' title='bbox 1407 2905 1586 2984; x_wconf 91' lang='lat' dir='ltr'>idque</span> <span class='ocrx_word' id='word_1_214' title='bbox 1636 2903 1963 2965; x_wconf 86' lang='lat' dir='ltr'>rectissimo</span> <span class='ocrx_word' id='word_1_215' title='bbox 1998 2900 2265 2981; x_wconf 74' lang='lat' dir='ltr'>judicio:</span> <span class='ocrx_word' id='word_1_216' title='bbox 2310 2918 2447 2959; x_wconf 88' lang='lat' dir='ltr'>cum</span> <span class='ocrx_word' id='word_1_217' title='bbox 2488 2906 2675 2957; x_wconf 73' lang='lat' dir='ltr'>actor·</span> 
     </span>
     <span class='ocr_line' id='line_1_26' title="bbox 475 2992 2672 3080; baseline -0.002 -27"><span class='ocrx_word' id='word_1_218' title='bbox 475 2995 534 3054; x_wconf 87' lang='lat' dir='ltr'>in</span> <span class='ocrx_word' id='word_1_219' title='bbox 560 2996 678 3056; x_wconf 86' lang='lat' dir='ltr'>fine</span> <span class='ocrx_word' id='word_1_220' title='bbox 705 2999 913 3077; x_wconf 81' lang='lat' dir='ltr'>prioris</span> <span class='ocrx_word' id='word_1_221' title='bbox 946 3020 1150 3061; x_wconf 84' lang='lat' dir='ltr'>versus</span> <span class='ocrx_word' id='word_1_222' title='bbox 1179 3001 1374 3061; x_wconf 87' lang='lat' dir='ltr'>anima</span> <span class='ocrx_word' id='word_1_223' title='bbox 1401 3009 1660 3080; x_wconf 87' lang='lat' dir='ltr'>recepta,</span> <span class='ocrx_word' id='word_1_224' title='bbox 1703 2998 1944 3079; x_wconf 87' lang='lat' dir='ltr'>plenum</span> <span class='ocrx_word' id='word_1_225' title='bbox 1966 2995 2352 3079; x_wconf 86' lang='lat' dir='ltr'>rapidumque</span> <span class='ocrx_word' id='word_1_226' title='bbox 2404 2992 2672 3073; x_wconf 88' lang='lat' dir='ltr'>spiritum</span> 
     </span>
     <span class='ocr_line' id='line_1_27' title="bbox 475 3094 1052 3173; baseline 0.002 -20"><span class='ocrx_word' id='word_1_227' title='bbox 475 3104 682 3173; x_wconf 88' lang='lat' dir='ltr'>posset</span> <span class='ocrx_word' id='word_1_228' title='bbox 708 3094 1009 3157; x_wconf 84' lang='lat' dir='ltr'>effundere</span> <span class='ocrx_word' id='word_1_229' title='bbox 1031 3115 1052 3154; x_wconf 70' lang='grc' dir='ltr'>ε</span> 
     </span>
    </p>
   </div>
   <div class='ocr_carea' id='block_1_4' title="bbox 557 3244 2501 4188">
    <p class='ocr_par' dir='ltr' id='par_1_4' title="bbox 560 3244 2277 3327">
     <span class='ocr_line' id='line_1_28' title="bbox 560 3244 2277 3327; baseline -0.003 -20"><span class='ocrx_word' id='word_1_230' title='bbox 560 3246 680 3309; x_wconf 88' lang='lat' dir='ltr'>Sed</span> <span class='ocrx_word' id='word_1_231' title='bbox 709 3246 771 3307; x_wconf 90' lang='lat' dir='ltr'>id</span> <span class='ocrx_word' id='word_1_232' title='bbox 797 3246 1030 3327; x_wconf 66' lang='lat' dir='ltr'>gratum</span> <span class='ocrx_word' id='word_1_233' title='bbox 1055 3247 1326 3309; x_wconf 82' lang='lat' dir='ltr'>fuisse—</span> <span class='ocrx_word' id='word_1_234' title='bbox 1603 3246 1786 3307; x_wconf 89' lang='lat' dir='ltr'>Color</span> <span class='ocrx_word' id='word_1_235' title='bbox 1815 3244 2011 3319; x_wconf 73' lang='lat' dir='ltr'>verus,</span> <span class='ocrx_word' id='word_1_236' title='bbox 2038 3263 2277 3323; x_wconf 88' lang='lat' dir='ltr'>corpus.</span> 
     </span>
    </p>

    <p class='ocr_par' dir='ltr' id='par_1_5' title="bbox 557 3338 2249 3422">
     <span class='ocr_line' id='line_1_29' title="bbox 557 3338 2249 3422; baseline -0.002 -19"><span class='ocrx_word' id='word_1_237' title='bbox 557 3344 700 3404; x_wconf 88' lang='lat' dir='ltr'>Sine</span> <span class='ocrx_word' id='word_1_238' title='bbox 723 3341 946 3404; x_wconf 84' lang='lat' dir='ltr'>invidia</span> <span class='ocrx_word' id='word_1_239' title='bbox 968 3344 1225 3407; x_wconf 81' lang='lat' dir='ltr'>laudem.</span> <span class='ocrx_word' id='word_1_240' title='bbox 1586 3342 1795 3422; x_wconf 72' lang='lat' dir='ltr'>Neque</span> <span class='ocrx_word' id='word_1_241' title='bbox 1822 3340 2085 3421; x_wconf 86' lang='lat' dir='ltr'>Antipho</span> <span class='ocrx_word' id='word_1_242' title='bbox 2112 3338 2249 3400; x_wconf 68' lang='lat' dir='ltr'>alia.</span> 
     </span>
    </p>

    <p class='ocr_par' dir='ltr' id='par_1_6' title="bbox 561 3433 2501 3802">
     <span class='ocr_line' id='line_1_30' title="bbox 561 3433 2501 3521; baseline -0.002 -24"><span class='ocrx_word' id='word_1_243' title='bbox 561 3439 702 3499; x_wconf 87' lang='lat' dir='ltr'>Sine</span> <span class='ocrx_word' id='word_1_244' title='bbox 728 3438 888 3499; x_wconf 82' lang='lat' dir='ltr'>omni</span> <span class='ocrx_word' id='word_1_245' title='bbox 915 3441 1158 3521; x_wconf 83' lang='lat' dir='ltr'>periclo.</span> <span class='ocrx_word' id='word_1_246' title='bbox 1589 3438 1712 3500; x_wconf 85' lang='lat' dir='ltr'>Sed</span> <span class='ocrx_word' id='word_1_247' title='bbox 1736 3438 1851 3500; x_wconf 91' lang='lat' dir='ltr'>hoc</span> <span class='ocrx_word' id='word_1_248' title='bbox 1876 3434 2020 3497; x_wconf 79' lang='lat' dir='ltr'>mihi</span> <span class='ocrx_word' id='word_1_249' title='bbox 2049 3433 2365 3496; x_wconf 83' lang='lat' dir='ltr'>molestum</span> <span class='ocrx_word' id='word_1_250' title='bbox 2390 3442 2501 3493; x_wconf 87' lang='lat' dir='ltr'>est.</span> 
     </span>
     <span class='ocr_line' id='line_1_31' title="bbox 563 3531 2413 3613; baseline -0.003 -20"><span class='ocrx_word' id='word_1_251' title='bbox 563 3534 810 3613; x_wconf 86' lang='lat' dir='ltr'>Propter</span> <span class='ocrx_word' id='word_1_252' title='bbox 833 3532 1110 3613; x_wconf 69' lang='lat' dir='ltr'>hospitai.</span> <span class='ocrx_word' id='word_1_253' title='bbox 1597 3534 1831 3595; x_wconf 87' lang='lat' dir='ltr'>Bonum</span> <span class='ocrx_word' id='word_1_254' title='bbox 1858 3531 2160 3611; x_wconf 74' lang='lat' dir='ltr'>ingenium</span> <span class='ocrx_word' id='word_1_255' title='bbox 2186 3548 2413 3590; x_wconf 81' lang='lat' dir='ltr'>narras.</span> 
     </span>
     <span class='ocr_line' id='line_1_32' title="bbox 567 3625 2415 3708; baseline 0 -23"><span class='ocrx_word' id='word_1_256' title='bbox 567 3627 684 3688; x_wconf 87' lang='lat' dir='ltr'>Hie</span> <span class='ocrx_word' id='word_1_257' title='bbox 714 3638 808 3687; x_wconf 88' lang='lat' dir='ltr'>est</span> <span class='ocrx_word' id='word_1_258' title='bbox 833 3626 933 3688; x_wconf 86' lang='lat' dir='ltr'>ille</span> <span class='ocrx_word' id='word_1_259' title='bbox 963 3650 1083 3691; x_wconf 90' lang='lat' dir='ltr'>non</span> <span class='ocrx_word' id='word_1_260' title='bbox 1106 3643 1189 3693; x_wconf 92' lang='lat' dir='ltr'>te.</span> <span class='ocrx_word' id='word_1_261' title='bbox 1596 3628 1720 3691; x_wconf 92' lang='lat' dir='ltr'>Sed</span> <span class='ocrx_word' id='word_1_262' title='bbox 1746 3629 1844 3690; x_wconf 87' lang='lat' dir='ltr'>hic</span> <span class='ocrx_word' id='word_1_263' title='bbox 1872 3628 2217 3708; x_wconf 63' lang='lat' dir='ltr'>Pamphilus</span> <span class='ocrx_word' id='word_1_264' title='bbox 2246 3625 2415 3705; x_wconf 89' lang='lat' dir='ltr'>quid.</span> 
     </span>
     <span class='ocr_line' id='line_1_33' title="bbox 567 3719 2358 3802; baseline 0.001 -21"><span class='ocrx_word' id='word_1_265' title='bbox 567 3720 786 3782; x_wconf 81' lang='lat' dir='ltr'>Studet</span> <span class='ocrx_word' id='word_1_266' title='bbox 812 3719 919 3801; x_wconf 69' lang='lat' dir='ltr'>par</span> <span class='ocrx_word' id='word_1_267' title='bbox 946 3725 1178 3786; x_wconf 80' lang='lat' dir='ltr'>referre.</span> <span class='ocrx_word' id='word_1_268' title='bbox 1595 3726 1657 3787; x_wconf 89' lang='lat' dir='ltr'>Is</span> <span class='ocrx_word' id='word_1_269' title='bbox 1684 3725 1825 3787; x_wconf 82' lang='lat' dir='ltr'>hine</span> <span class='ocrx_word' id='word_1_270' title='bbox 1849 3724 2073 3787; x_wconf 71' lang='lat' dir='ltr'>bellum</span> <span class='ocrx_word' id='word_1_271' title='bbox 2098 3722 2358 3802; x_wconf 75' lang='lat' dir='ltr'>fugiens.</span> 
     </span>
    </p>

    <p class='ocr_par' dir='ltr' id='par_1_7' title="bbox 569 3816 2293 3903">
     <span class='ocr_line' id='line_1_34' title="bbox 569 3816 2293 3903; baseline -0.001 -24"><span class='ocrx_word' id='word_1_272' title='bbox 569 3818 671 3879; x_wconf 92' lang='lat' dir='ltr'>Ob</span> <span class='ocrx_word' id='word_1_273' title='bbox 697 3816 854 3878; x_wconf 85' lang='lat' dir='ltr'>hanc</span> <span class='ocrx_word' id='word_1_274' title='bbox 879 3816 1233 3882; x_wconf 80' lang='lat' dir='ltr'>inimicitias.</span> <span class='ocrx_word' id='word_1_275' title='bbox 1596 3820 1828 3903; x_wconf 81' lang='lat' dir='ltr'>Nempe</span> <span class='ocrx_word' id='word_1_276' title='bbox 1855 3818 2293 3881; x_wconf 72' lang='lat' dir='ltr'>Phormionem.</span> 
     </span>
    </p>

    <p class='ocr_par' dir='ltr' id='par_1_8' title="bbox 573 3912 2451 4188">
     <span class='ocr_line' id='line_1_35' title="bbox 573 3912 2451 3994; baseline -0.002 -21"><span class='ocrx_word' id='word_1_277' title='bbox 573 3914 671 3973; x_wconf 91' lang='lat' dir='ltr'>Ob</span> <span class='ocrx_word' id='word_1_278' title='bbox 700 3913 905 3974; x_wconf 72' lang='lat' dir='ltr'>decem</span> <span class='ocrx_word' id='word_1_279' title='bbox 934 3934 1103 3975; x_wconf 84' lang='lat' dir='ltr'>mnas</span> <span class='ocrx_word' id='word_1_280' title='bbox 1130 3912 1342 3994; x_wconf 81' lang='lat' dir='ltr'>inquit.</span> <span class='ocrx_word' id='word_1_281' title='bbox 1602 3916 1673 3975; x_wconf 83' lang='lat' dir='ltr'>In</span> <span class='ocrx_word' id='word_1_282' title='bbox 1700 3916 1858 3976; x_wconf 86' lang='lat' dir='ltr'>hane</span> <span class='ocrx_word' id='word_1_283' title='bbox 1882 3915 2145 3977; x_wconf 75' lang='lat' dir='ltr'>nostram</span> <span class='ocrx_word' id='word_1_284' title='bbox 2173 3912 2451 3993; x_wconf 77' lang='lat' dir='ltr'>plateam.</span> 
     </span>
     <span class='ocr_line' id='line_1_36' title="bbox 583 4008 2308 4093; baseline -0.003 -24"><span class='ocrx_word' id='word_1_285' title='bbox 583 4010 733 4071; x_wconf 87' lang='lat' dir='ltr'>Inde</span> <span class='ocrx_word' id='word_1_286' title='bbox 760 4012 990 4071; x_wconf 70' lang='lat' dir='ltr'>sinnam</span> <span class='ocrx_word' id='word_1_287' title='bbox 1015 4010 1205 4073; x_wconf 86' lang='lat' dir='ltr'>uxori.</span> <span class='ocrx_word' id='word_1_288' title='bbox 1608 4008 1987 4093; x_wconf 75' lang='lat' dir='ltr'>Supellectile</span> <span class='ocrx_word' id='word_1_289' title='bbox 2015 4028 2166 4090; x_wconf 84' lang='lat' dir='ltr'>opus</span> <span class='ocrx_word' id='word_1_290' title='bbox 2196 4018 2308 4070; x_wconf 80' lang='lat' dir='ltr'>est.</span> 
     </span>
     <span class='ocr_line' id='line_1_37' title="bbox 575 4100 2401 4188; baseline -0.003 -23"><span class='ocrx_word' id='word_1_291' title='bbox 575 4106 758 4166; x_wconf 88' lang='lat' dir='ltr'>Soror</span> <span class='ocrx_word' id='word_1_292' title='bbox 783 4104 946 4167; x_wconf 86' lang='lat' dir='ltr'>dicta</span> <span class='ocrx_word' id='word_1_293' title='bbox 971 4116 1084 4181; x_wconf 83' lang='lat' dir='ltr'>est,</span> <span class='ocrx_word' id='word_1_294' title='bbox 1112 4108 1306 4188; x_wconf 86' lang='lat' dir='ltr'>cupio.</span> <span class='ocrx_word' id='word_1_295' title='bbox 1604 4106 1725 4168; x_wconf 88' lang='lat' dir='ltr'>Sed</span> <span class='ocrx_word' id='word_1_296' title='bbox 1756 4125 1899 4169; x_wconf 85' lang='lat' dir='ltr'>eeca</span> <span class='ocrx_word' id='word_1_297' title='bbox 1924 4103 2058 4186; x_wconf 80' lang='lat' dir='ltr'>ipsa</span> <span class='ocrx_word' id='word_1_298' title='bbox 2085 4100 2401 4181; x_wconf 80' lang='lat' dir='ltr'>egreditur.</span> 
     </span>
    </p>
   </div>
   <div class='ocr_carea' id='block_1_5' title="bbox 583 4194 2223 4282">
    <p class='ocr_par' dir='ltr' id='par_1_9' title="bbox 583 4194 2223 4282">
     <span class='ocr_line' id='line_1_38' title="bbox 583 4194 2223 4282; baseline -0.004 -22"><span class='ocrx_word' id='word_1_299' title='bbox 583 4200 772 4263; x_wconf 86' lang='lat' dir='ltr'>Simul</span> <span class='ocrx_word' id='word_1_300' title='bbox 804 4201 1114 4263; x_wconf 83' lang='lat' dir='ltr'>consilium</span> <span class='ocrx_word' id='word_1_301' title='bbox 1143 4222 1279 4265; x_wconf 88' lang='lat' dir='ltr'>cum</span> <span class='ocrx_word' id='word_1_302' title='bbox 1308 4224 1389 4265; x_wconf 88' lang='lat' dir='ltr'>re.</span> <span class='ocrx_word' id='word_1_303' title='bbox 1611 4204 1743 4282; x_wconf 83' lang='lat' dir='ltr'>Ego</span> <span class='ocrx_word' id='word_1_304' title='bbox 1772 4199 2073 4271; x_wconf 68' lang='lat' dir='ltr'>excludor,</span> <span class='ocrx_word' id='word_1_305' title='bbox 2100 4194 2223 4256; x_wconf 84' lang='lat' dir='ltr'>ille.</span> 
     </span>
    </p>
   </div>
  </div>
 </body>
</html>
