3234 4934
667 441 755 506 18
1557 451 1973 506 »aarum

665 606 858 686 parte
888 604 1168 675 tantum,
1196 602 1270 663 ut
1299 596 1418 681 qui
1445 596 1576 662 fide
1604 597 1787 663 haud
1818 595 2313 680 comparandus
2340 596 2677 664 videretur
2706 617 2857 666 esse

669 702 886 781 alteri,
909 701 1410 766 membranaceo
1438 699 1709 783 quidem
1736 699 1835 764 illi
1862 697 2050 784 (nam
2078 699 2248 764 alter
2274 699 2727 785 chartaceus),
2756 719 2857 766 re·

669 804 945 888 scripto,
965 803 1442 888 judicibusque
1463 801 1767 884 Langero
1796 809 1870 866 et
1897 801 2211 880 Brun-io,
2240 802 2404 867 viris
2431 802 2856 878 clarissimis,

663 923 882 970 annos
931 903 1178 970 abhinc
1221 904 1486 968 circiter
1540 907 1897 968 sexcentos
1951 909 2258 968 exarato.
2368 903 2676 987 Inspexit
2722 902 2859 968 duo

671 1004 1234 1090 Guelferbytanos
1264 1005 1366 1070 vir
1394 1003 1858 1081 doctissimus,
1881 1002 2243 1083 GeseniuS,
2266 1004 2856 1083 Helmstadiensis,

671 1107 776 1173 de.
801 1127 936 1192 quo
977 1109 1142 1172 bene
1185 1125 1456 1190 sperare
1499 1105 1837 1171 literatam
1884 1105 2095 1190 jubeo
2138 1107 2639 1190 rempublicam.
2729 1108 2860 1172 Be-

671 1210 1100 1276 rolinensium
1127 1215 1198 1272 et
1220 1208 1384 1273 libri
1428 1207 2017 1286 HelmstadiensiS,
2048 1209 2138 1273 ab
2165 1206 2539 1273 Academia
2564 1208 2754 1275 Julia
2780 1209 2861 1272 li-

669 1311 980 1376 beraliter
1005 1309 1202 1375 nobis
1223 1308 1721 1386 communicati,
1744 1310 2045 1392 potiores
2074 1309 2405 1374 lectiones
2428 1310 2567 1393 ipsi
2583 1327 2863 1393 excerp-

673 1413 907 1491 simus,
957 1413 1191 1496 itaque
1232 1410 1540 1476 instructi
1579 1411 1668 1473 ab
1723 1411 2022 1475 externis
2069 1409 2419 1488 subsidiis„
2451 1411 2566 1477 via
2608 1413 2864 1489 critica,

672 1534 876 1597 quam
895 1513 1178 1578 munivit
1203 1511 1544 1578 Ricardus
1563 1511 1938 1591 Bentleins,
1957 1513 2169 1578 tutius
2190 1512 2335 1594 jam
2359 1513 2661 1595 ingressi,
2676 1513 2867 1596 quic-

672 1615 837 1699 quid
862 1615 1050 1680 dedit
1077 1615 1178 1680 vir
1207 1614 1327 1679 ille
1351 1614 1905 1698 incomparabilis
1932 1614 2287 1679 manifesto
2314 1615 2557 1679 melius
2578 1615 2865 1696 vulgatis

675 1725 748 1782 et
788 1718 985 1801 quasi
1028 1724 1221 1782 extra
1249 1735 1518 1781 omnem
1545 1715 1857 1781 lectionis
1885 1721 1953 1780 et
1984 1714 2401 1798 conjecturae
2418 1715 2648 1780 'aleam
2674 1717 2865 1800 posi-

675 1827 845 1896 tum,
889 1819 1094 1883 tacite
1121 1817 1258 1884 fere
1301 1819 1374 1882 id
1415 1819 1829 1901 recepimus3
1874 1817 1994 1882 ubi
2022 1815 2301 1882 dubium
2328 1816 2637 1882 relictum
2664 1823 2863 1896 esset,

673 1919 1074 1998 monuimus,
1102 1921 1570 1985 succurrimus.

763 2023 1222 2105 Designantur
1246 2022 1401 2087 libri
1431 2021 1671 2106 scripti
1696 2021 1905 2088 literis
1930 2021 1995 2086 Α
2026 2022 2085 2086 Β
2115 2018 2340 2086 ceu.
2357 2021 2421 2086 1.
2439 2018 2658 2087 Gu.2.
2702 2019 2865 2087 Hel.

668 2123 980 2204 ‚Quorum
997 2122 1135 2188 duo
1163 2123 1641 2189 Berolinenses
1658 2124 2145 2189 membranacei
2176 2129 2355 2202 sunt,
2382 2141 2747 2205 eorumque
2768 2122 2870 2188 al-

665 2233 779 2292 ·ter
804 2224 1208 2290 nitidissime
1239 2227 1556 2308 scriptus,
1596 2226 1765 2291 alter
1794 2227 2109 2291 continue
2128 2225 2525 2308 lacerasque
2552 2225 2623 2288 in
2648 2231 2870 2290 extre·

665 2347 790 2393 -ma
833 2326 1004 2406 fine3
1063 2327 1302 2391 tertius
1347 2345 1500 2391 vero
1554 2325 2087 2391 Berolinensium
2132 2325 2525 2391 chartaceus
2569 2333 2695 2402 est,
2748 2325 2867 2409 qui

666 2427 948 2514 quidem
978 2426 1048 2490 in
1075 2425 1364 2509 Regiam
1389 2426 1874 2494 bibliothecam
1906 2428 2089 2492 venit
2112 2445 2201 2491 ex
2241 2425 2517 2509 Georgii
2543 2424 2867 2504 Fabricii,

676 2545 1066 2614 quanquam
1097 2527 1268 2592 alins
1295 2528 1358 2592 is
1385 2527 1560 2593 liber
1588 2528 1829 2594 codice
1872 2529 2175 2612 ejusdem
2220 2527 2515 2593 Fabricii
2542 2527 2683 2605 ille,
2728 2545 2867 2610 quo

676 2648 843 2695 usus
889 2636 997 2694 est
1041 2627 1429 2695 Bentleius:
1475 2627 1726 2707 Italici,
1772 2637 1853 2695 ut
1895 2630 2179 2709 videtur,
2222 2634 2352 2695 tres
2396 2630 2550 2694 libri
2593 2649 2867 2696 omnes:

676 2732 920 2813 quibus
949 2728 1034 2794 de
1059 2727 1192 2794 fide
1216 2748 1301 2795 ac
1325 2731 1629 2796 bonitate
1651 2730 2015 2797 lectionum
2042 2730 2221 2797 haud
2250 2731 2555 2797 concedit
2584 2749 2877 2815 apogra-

682 2833 888 2916 phum
917 2831 1494 2897 Helmstadiense.

1145 2960 1186 3001 ιιιι
1444 2956 1489 3000 ιι
1750 2959 1795 3000 ι
2054 2959 2099 3000 ι
2356 2962 2399 3002 ιιι

1499 3137 2053 3196 ετ--τ--ἱ-η-κ

1081 3312 1606 3381 EXGERPTA
1674 3315 1735 3379 Ε
1811 3313 2471 3382 PRAEFATIONE

1238 3431 1327 3496 D.
1371 3429 1672 3497 PAULI
1715 3429 1913 3498 JAC.
1957 3431 2306 3504 BRUNS.

681 3585 856 3666 QUA
883 3585 1150 3654 fortuna
1175 3607 1635 3673 saepenumero
1663 3591 1734 3654 in
1764 3589 2196 3656 bibliothecis
2226 3611 2271 3656 a
2296 3611 2407 3656 me
2452 3593 2871 3678 perlustratis

677 3685 898 3752 adhuc
927 3706 1088 3752 usus
1117 3707 1291 3767 sum,
1343 3695 1415 3754 ut
1461 3689 1795 3770 literarum
1842 3699 2277 3758 monumenta
2302 3693 2469 3759 viris
2510 3695 2733 3762 doctis
2762 3696 2871 3762 vel

675 3789 880 3872 plane
907 3807 1040 3852 non
1070 3789 1181 3854 vel
1208 3808 1346 3874 non
1395 3791 1568 3856 satis
1628 3792 1894 3875 cognita
1940 3792 2331 3874 invenirem,
2377 3794 2651 3861 eandem
2700 3796 2867 3861 mihi

680 3888 911 3968 Halae,
940 3893 1297 3974 postquam
1323 3892 1435 3956 hic
1481 3892 1705 3958 sedem
1735 3893 1880 3972 fixi,
1910 3895 2247 3978 obtigisse,
2278 3895 2545 3961 omnino
2574 3896 2863 3978 gaudeo,

678 3991 760 4057 In
791 3991 1200 4058 bibliotheca
1229 3991 1563 4074 Mariana,
1605 4013 1813 4078 quam
1854 4015 2089 4062 mense
2118 3997 2164 4061 J
2168 3997 2326 4062 unio
2353 3996 2670 4081 praeteriti
2712 4000 2872 4062 anni

677 4093 964 4176 primum
993 4095 1156 4174 adii,
1214 4115 1258 4161 a
1311 4096 1710 4164 doctissimo
1762 4104 1831 4163 et
1884 4098 2361 4166 humanissimo
2406 4096 2556 4182 ejus
2586 4099 2869 4164 custode

571 4211 574 4214 ’
681 4193 989 4274 Kemme,
1021 4195 1210 4262 Med.
1241 4196 1330 4262 D.
1359 4201 1428 4262 et
1453 4197 1532 4263 P.
1565 4198 1649 4263 P.
1680 4198 1764 4263 Ο.
1794 4199 1959 4267 mihi
1979 4199 2456 4266 ostendebatur
2484 4197 2707 4263 codex
2731 4197 2865 4264 Co-

679 4295 1071 4364 moediarum
1102 4297 1397 4366 Terentii
1439 4303 2005 4382 membranaceus»,
2035 4321 2237 4387 quem
2265 4300 2364 4367 ibi
2396 4300 2725 4368 asservari
2766 4301 2867 4386 ig-
