3234 4934
1210 412 1306 459 ns
1354 412 1637 461 nim-ms
1684 414 2008 463 comicis
2564 398 2696 469 203

508 550 792 631 spondoeo
822 551 1090 632 aequaliS,
1140 550 1407 634 adeoque
1443 554 1504 614 in
1547 554 1898 637 simplicium
1937 544 2167 635 peduni‘
2204 574 2447 617 numero
2486 560 2693 619 merito

506 646 842 727 ponendus.

538 787 551 798 .
626 745 687 805 2.
731 744 820 803 Ex
848 744 1148 824 geminato
1177 743 1458 817 trochseO,
1479 745 2090 823 trochaeo-trochaeus,
2118 766 2223 809 seu
2244 746 2620 809 ditrochaeus.

628 842 684 901 3.
729 840 818 899 Ex
847 842 1144 921 geminato
1179 842 1397 915 iambe,
1426 842 1735 903 diiambus.

625 937 685 996 4.
730 937 818 995 Ex
843 938 1141 1016 geminato
1169 937 1478 1017 spondae0,
1509 939 1919 1019 dispondaeus,

627 1034 688 1093 5.
731 1032 822 1091 Ex
847 1032 1109 1093 trochaeo
1137 1042 1199 1093 et
1223 1033 1538 1113 pyrrichio,
1565 1054 1739 1114 paeon
1767 1037 2009 1115 primus.

621 1128 680 1189 6.
724 1124 816 1187 Ex
841 1128 1136 1209 pyrrichio
1166 1139 1227 1189 et
1253 1130 1533 1205 trochaeo,
1565 1150 1741 1211 poeon
1767 1132 1995 1193 tertius.

623 1225 684 1284 7.
727 1224 818 1283 Ex
845 1224 1041 1285 iambo
1068 1234 1132 1286 et
1154 1227 1474 1305 pyrrichio,
1499 1248 1677 1307 paeon
1705 1228 2027 1289 secundus.

625 1320 688 1381 8.
731 1319 821 1378 Ex
847 1320 1142 1401 pyrrichio
1168 1330 1230 1381 et
1255 1322 1471 1396 iambe,
1497 1342 1674 1403 poeon
1703 1333 1971 1404 quartus.

621 1416 680 1475 9.
725 1414 816 1475 Ex
843 1416 1108 1477 trochoeo
1137 1428 1199 1477 et
1221 1416 1440 1491 iambo,
1466 1419 1863 1481 choriambus.

589 1513 684 1571 10.
727 1511 817 1569 Ex
840 1511 1036 1573 iambo
1061 1522 1124 1573 et
1149 1513 1432 1588 trochaeo,
1461 1516 1854 1597 antispastus.

588 1608 680 1667 11.
725 1606 814 1665 Ex
840 1607 1134 1687 pyrrichio
1159 1618 1220 1668 et
1255 1608 1562 1688 spondoeo,
1589 1612 1821 1673 ionicus
1849 1631 1887 1673 a
1912 1612 2154 1672 minore.

583 1704 678 1763 12.
722 1702 810 1761 Ex
839 1704 1127 1783 spondoeo
1156 1715 1219 1767 et
1243 1706 1558 1786 pyrrichiO,
1585 1709 1812 1769 ionicus
1842 1727 1879 1767 a
1906 1707 2146 1787 majore.

584 1798 677 1855 13.
721 1797 811 1856 Ex
837 1799 1100 1859 trochoeo
1140 1808 1202 1861 et
1229 1800 1538 1880 spondaeo,
1579 1801 2225 1883 trocbaeo·spondoeus,
2263 1818 2369 1862 seu
2415 1800 2684 1882 epitritus

497 1892 819 1953 secundus.

583 1991 678 2049 14.
719 1990 810 2051 Ex
838 1990 1124 2070 spondoeo
1157 2000 1222 2053 et
1255 1991 1540 2064 trochoeo,
1581 1990 2222 2073 spondoeo-trochaeus,
2265 2012 2373 2053 seu
2412 1990 2684 2073 epitritus

494 2095 764 2163 quartus.

579 2182 672 2241 15.
717 2178 806 2241 Ex
833 2176 1026 2242 iambo
1053 2191 1114 2243 et
1141 2181 1450 2264 spondoeO,
1478 2184 1747 2264 epitritus
1773 2180 2016 2264 primus.

585 2280 677 2338 16.
720 2278 812 2339 Ex
839 2278 1125 2357 spondaeo
1150 2292 1212 2341 et
1236 2282 1453 2354 iambo,
1479 2281 1751 2360 epitritus
1777 2280 2007 2341 tertius.

572 2376 664 2435 Ex
689 2374 855 2434 hisce
884 2375 1085 2435 metris
1113 2386 1366 2455 quatuor
1412 2376 1619 2437 solum·
1650 2371 1728 2436 ad
1775 2393 2039 2455 praesens
2076 2372 2407 2433 institutum
2434 2373 2679 2450 faciunt,

493 2470 791 2533 secundus
819 2470 1066 2544 scilicet,
1093 2482 1365 2551 quartus,
1393 2471 1659 2533 decimus
1686 2472 1916 2542 tertius,
1952 2480 2015 2531 et
2040 2470 2305 2531 decimus
2333 2480 2599 2549 quartus.

574 2569 646 2627 In
673 2568 805 2628 haec
832 2576 1087 2647 quatuor
1111 2578 1318 2641 metra,
1345 2566 1533 2629 aliave
1560 2588 1699 2647 quoe
1740 2568 1813 2627 iis
1843 2576 1985 2627 sunt
2024 2566 2383 2646 temporibus
2408 2568 2678 2647 oeqnnlin,

491 2683 696 2726 ornnes
735 2683 941 2726 versus
988 2662 1362 2737 Terentiani„
1395 2666 1656 2745 exceptis
1704 2663 1979 2743 pauculis
2020 2662 2271 2742 poeonici
2317 2663 2568 2742 generis,
2614 2673 2682 2723 ut

491 2779 630 2821 mox
657 2759 1010 2833 videbimus,
1036 2760 1254 2821 resolvi
1279 2773 1553 2839 possunt.
1638 2761 1751 2821 His
1800 2759 1976 2839 igitur
2018 2758 2197 2838 probe
2230 2757 2505 2835 coguitis,
2532 2756 2679 2817 nihil

490 2855 601 2916 erit
645 2856 705 2915 in
745 2854 946 2916 metris
992 2856 1381 2929 Terentianis,
1425 2855 1587 2935 quod
1616 2874 1735 2915 non
1764 2855 1854 2915 vel
1883 2854 2058 2915 tironi
2082 2851 2424 2915 facillimum
2450 2852 2677 2917 videbi-

487 2959 604 3023 tur,
632 2959 843 3031 praeter
871 2950 1162 3022 licentias,
1189 2950 1266 3009 de
1287 2950 1500 3029 quibus
1529 2967 1639 3009 suo
1666 2950 1822 3010 loce.
2704 2930 2718 2949 ’

569 3046 769 3107 Metra
807 3053 1005 3105 autem
1033 3064 1168 3123 quoe
1197 3054 1450 3123 quatuor
1495 3064 1677 3124 supra
1716 3040 2050 3105 memoratis
2094 3052 2421 3121 temporum
2448 3041 2675 3105 ratione

486 3142 650 3223 paria
677 3150 836 3216 sunt,
862 3150 924 3202 et
943 3158 1146 3201 eorum
1172 3140 1360 3201 vicem
1400 3138 1689 3202 sustinere
1717 3147 1989 3220 possunt,
2029 3157 2285 3219 sequens
2331 3137 2549 3200 tabells.
2572 3158 2675 3199 ex·

483 3238 663 3298 hibet.

531 3365 927 3410 mnino-trocheo
1061 3360 1475 3419 rivocano-spondeo
1639 3364 2041 3421 Spondeo-trecium
2206 3364 2623 3419 Spondoeospondaeo

585 3452 660 3482 stu
677 3442 903 3483 ditroehaeo
1027 3452 1104 3481 sou
1118 3442 1293 3496 epitrito
1311 3442 1503 3483 seeundo
1614 3454 1693 3483 seu
1714 3443 1883 3497 epitrito
1905 3446 2055 3493 quarto
2230 3452 2307 3481 sou
2328 3440 2585 3495 dispondeo.

1151 3594 1304 3653 Sunt
1329 3593 1689 3683 temporibus
1716 3594 2001 3674 oequsles,

485 3704 772 3755 maier-chys
1025 3706 1491 3761 Tribrsehy-spondous
1591 3710 2044 3763 Spondeo-tribrachys
2163 3703 2581 3763 Spondeo-dactylus

479 3778 928 3829 'Primam-trocheus
1021 3780 1460 3832 Trtbruchy-dactylus
1566 3808 1578 3824 .
1595 3784 2004 3835 Baculo-trocheus
2168 3782 2589 3836 Dactylo-spondaeus

477 3855 929 3907 Trochaeo-tflbrnchss
1023 3854 1503 3907 Trinium-anapaestus
1590 3858 2021 3913 Baculo-tribrachys
2165 3859 2622 3913 §pendae-anapestus
2652 3897 2657 3903 ,

1026 3928 1440 3981 'trocheo-duculum
1588 3932 2041 3986 Anapoesto-trochoens
2160 3930 2623 3985 Annpnto-spondaus

1029 4002 1482 4059 Trochus-unwan:
1595 4007 2066 4061 Anspnto-tribroehys
2164 4006 2593 4056 Dactyloannpoetus

1662 4062 1671 4073 ’
2154 4080 2381 4131 Ampoesto
2396 4078 2591 4130 duetslus

2154 4152 2407 4200 Didactylus

2159 4226 2465 4280 Dim-pestus.
