<?xml version="1.0" encoding="UTF-8"?>
<!DOCTYPE html PUBLIC "-//W3C//DTD XHTML 1.0 Transitional//EN"
    "http://www.w3.org/TR/xhtml1/DTD/xhtml1-transitional.dtd">
<html xmlns="http://www.w3.org/1999/xhtml" xml:lang="en" lang="en">
 <head>
  <title>
</title>
<meta http-equiv="Content-Type" content="text/html;charset=utf-8" />
  <meta name='ocr-system' content='tesseract 3.04.00' />
  <meta name='ocr-capabilities' content='ocr_page ocr_carea ocr_par ocr_line ocrx_word'/>
</head>
<body>
  <div class='ocr_page' id='page_1' title='image "./comoedisex10westgoog_0077.png"; bbox 0 0 3234 4934; ppageno 0'>
   <div class='ocr_carea' id='block_1_1' title="bbox 1195 425 2611 512">
    <p class='ocr_par' dir='ltr' id='par_1_1' title="bbox 1195 425 2611 512">
     <span class='ocr_line' id='line_1_1' title="bbox 1195 425 2611 512; baseline 0.004 -20"><span class='ocrx_word' id='word_1_1' title='bbox 1195 508 1200 512; x_wconf 37' lang='grc'><strong>,</strong></span> <span class='ocrx_word' id='word_1_2' title='bbox 1242 445 1356 504; x_wconf 64' lang='lat' dir='ltr'><strong>,na</strong></span> <span class='ocrx_word' id='word_1_3' title='bbox 1401 445 1502 494; x_wconf 73' lang='lat' dir='ltr'><strong>‘ru</strong></span> <span class='ocrx_word' id='word_1_4' title='bbox 1517 445 1779 495; x_wconf 63' lang='lat' dir='ltr'><strong>sarno.</strong></span> <span class='ocrx_word' id='word_1_5' title='bbox 2522 425 2611 497; x_wconf 75' lang='lat'><strong>67</strong></span> 
     </span>
    </p>
   </div>
   <div class='ocr_carea' id='block_1_2' title="bbox 418 587 2614 1246">
    <p class='ocr_par' dir='ltr' id='par_1_2' title="bbox 418 587 2614 1246">
     <span class='ocr_line' id='line_1_2' title="bbox 501 587 2605 667; baseline 0.001 -19"><span class='ocrx_word' id='word_1_6' title='bbox 501 589 706 660; x_wconf 76' lang='lat' dir='ltr'><strong>Laeta,</strong></span> <span class='ocrx_word' id='word_1_7' title='bbox 737 588 964 648; x_wconf 78' lang='lat' dir='ltr'><strong>Groecis</strong></span> <span class='ocrx_word' id='word_1_8' title='bbox 992 588 1148 667; x_wconf 89' lang='lat' dir='ltr'><strong>pale,</strong></span> <span class='ocrx_word' id='word_1_9' title='bbox 1175 589 1268 648; x_wconf 89' lang='lat' dir='ltr'><strong>vel</strong></span> <span class='ocrx_word' id='word_1_10' title='bbox 1297 587 1357 647; x_wconf 89' lang='lat' dir='ltr'><strong>in</strong></span> <span class='ocrx_word' id='word_1_11' title='bbox 1384 607 1576 659; x_wconf 83' lang='lat' dir='ltr'><strong>coeno,</strong></span> <span class='ocrx_word' id='word_1_12' title='bbox 1607 589 1699 648; x_wconf 83' lang='lat' dir='ltr'><strong>vel</strong></span> <span class='ocrx_word' id='word_1_13' title='bbox 1745 606 1945 660; x_wconf 89' lang='lat' dir='ltr'><strong>arena,</strong></span> <span class='ocrx_word' id='word_1_14' title='bbox 1981 588 2075 650; x_wconf 81' lang='lat' dir='ltr'><strong>vel</strong></span> <span class='ocrx_word' id='word_1_15' title='bbox 2122 588 2361 666; x_wconf 83' lang='lat' dir='ltr'><strong>pulvere</strong></span> <span class='ocrx_word' id='word_1_16' title='bbox 2390 591 2605 656; x_wconf 71' lang='lat' dir='ltr'><strong>fiebatz</strong></span> 
     </span>
     <span class='ocr_line' id='line_1_3' title="bbox 418 683 2607 764; baseline 0 -18"><span class='ocrx_word' id='word_1_17' title='bbox 418 687 578 746; x_wconf 85' lang='lat' dir='ltr'><strong>unde</strong></span> <span class='ocrx_word' id='word_1_18' title='bbox 606 686 924 746; x_wconf 82' lang='lat' dir='ltr'><strong>luctatores</strong></span> <span class='ocrx_word' id='word_1_19' title='bbox 951 686 1010 744; x_wconf 92' lang='lat' dir='ltr'><strong>in</strong></span> <span class='ocrx_word' id='word_1_20' title='bbox 1044 684 1223 743; x_wconf 89' lang='lat' dir='ltr'><strong>Ludis</strong></span> <span class='ocrx_word' id='word_1_21' title='bbox 1253 685 1580 764; x_wconf 82' lang='lat' dir='ltr'><strong>Gymnicis,</strong></span> <span class='ocrx_word' id='word_1_22' title='bbox 1625 694 1731 745; x_wconf 90' lang='lat' dir='ltr'><strong>aut</strong></span> <span class='ocrx_word' id='word_1_23' title='bbox 1755 684 2055 763; x_wconf 82' lang='lat' dir='ltr'><strong>palaestra,</strong></span> <span class='ocrx_word' id='word_1_24' title='bbox 2086 683 2314 746; x_wconf 80' lang='lat' dir='ltr'><strong>Groecis</strong></span> <span class='ocrx_word' id='word_1_25' title='bbox 2340 686 2607 764; x_wconf 73' lang='lat' dir='ltr'><strong>paloestoe</strong></span> 
     </span>
     <span class='ocr_line' id='line_1_4' title="bbox 420 779 2609 860; baseline -0.001 -18"><span class='ocrx_word' id='word_1_26' title='bbox 420 781 723 860; x_wconf 87' lang='lat' dir='ltr'><strong>appellati.</strong></span> <span class='ocrx_word' id='word_1_27' title='bbox 807 781 853 840; x_wconf 90' lang='lat' dir='ltr'><strong>Ii</strong></span> <span class='ocrx_word' id='word_1_28' title='bbox 885 779 1182 849; x_wconf 87' lang='lat' dir='ltr'><strong>luctaturi,</strong></span> <span class='ocrx_word' id='word_1_29' title='bbox 1211 789 1524 851; x_wconf 80' lang='lat' dir='ltr'><strong>ceromate,</strong></span> <span class='ocrx_word' id='word_1_30' title='bbox 1552 779 1614 839; x_wconf 86' lang='lat' dir='ltr'><strong>id</strong></span> <span class='ocrx_word' id='word_1_31' title='bbox 1644 789 1759 853; x_wconf 88' lang='lat' dir='ltr'><strong>est,</strong></span> <span class='ocrx_word' id='word_1_32' title='bbox 1786 780 1919 840; x_wconf 89' lang='lat' dir='ltr'><strong>oleo</strong></span> <span class='ocrx_word' id='word_1_33' title='bbox 1946 791 2145 842; x_wconf 88' lang='lat' dir='ltr'><strong>cerato</strong></span> <span class='ocrx_word' id='word_1_34' title='bbox 2172 782 2609 860; x_wconf 78' lang='lat' dir='ltr'><strong>perfundeban-</strong></span> 
     </span>
     <span class='ocr_line' id='line_1_5' title="bbox 420 875 2612 957; baseline 0.001 -20"><span class='ocrx_word' id='word_1_35' title='bbox 420 888 550 937; x_wconf 86' lang='lat' dir='ltr'><strong>tur:</strong></span> <span class='ocrx_word' id='word_1_36' title='bbox 593 876 774 948; x_wconf 89' lang='lat' dir='ltr'><strong>unde,</strong></span> <span class='ocrx_word' id='word_1_37' title='bbox 805 875 908 955; x_wconf 90' lang='lat' dir='ltr'><strong>qui</strong></span> <span class='ocrx_word' id='word_1_38' title='bbox 933 895 1036 938; x_wconf 88' lang='lat' dir='ltr'><strong>eos</strong></span> <span class='ocrx_word' id='word_1_39' title='bbox 1067 876 1394 954; x_wconf 80' lang='lat' dir='ltr'><strong>ungebant,</strong></span> <span class='ocrx_word' id='word_1_40' title='bbox 1419 877 1813 936; x_wconf 77' lang='lat' dir='ltr'><strong>ceromatistoe</strong></span> <span class='ocrx_word' id='word_1_41' title='bbox 1851 875 2012 936; x_wconf 83' lang='lat' dir='ltr'><strong>dicti.</strong></span> <span class='ocrx_word' id='word_1_42' title='bbox 2098 877 2348 938; x_wconf 77' lang='lat' dir='ltr'>Pulvere</span> <span class='ocrx_word' id='word_1_43' title='bbox 2374 898 2612 957; x_wconf 90' lang='lat' dir='ltr'><strong>quoque</strong></span> 
     </span>
     <span class='ocr_line' id='line_1_6' title="bbox 419 972 2613 1054; baseline 0.001 -23"><span class='ocrx_word' id='word_1_44' title='bbox 419 983 560 1054; x_wconf 90' lang='lat' dir='ltr'><strong>post</strong></span> <span class='ocrx_word' id='word_1_45' title='bbox 582 973 920 1034; x_wconf 87' lang='lat' dir='ltr'><strong>unctionem</strong></span> <span class='ocrx_word' id='word_1_46' title='bbox 952 972 1462 1051; x_wconf 76' lang='lat' dir='ltr'><strong>inspergebantur,</strong></span> <span class='ocrx_word' id='word_1_47' title='bbox 1491 981 1558 1030; x_wconf 91' lang='lat' dir='ltr'><strong>ut</strong></span> <span class='ocrx_word' id='word_1_48' title='bbox 1583 991 1835 1052; x_wconf 86' lang='lat' dir='ltr'><strong>corpora</strong></span> <span class='ocrx_word' id='word_1_49' title='bbox 1858 987 2151 1032; x_wconf 73' lang='lat' dir='ltr'><strong>ceromate</strong></span> <span class='ocrx_word' id='word_1_50' title='bbox 2178 983 2241 1032; x_wconf 87' lang='lat' dir='ltr'><strong>et</strong></span> <span class='ocrx_word' id='word_1_51' title='bbox 2275 973 2491 1034; x_wconf 87' lang='lat' dir='ltr'><strong>sudore</strong></span> <span class='ocrx_word' id='word_1_52' title='bbox 2519 973 2613 1034; x_wconf 85' lang='lat' dir='ltr'><strong>lu·</strong></span> 
     </span>
     <span class='ocr_line' id='line_1_7' title="bbox 418 1069 2613 1148; baseline 0 -19"><span class='ocrx_word' id='word_1_53' title='bbox 418 1069 582 1129; x_wconf 88' lang='lat' dir='ltr'><strong>brica</strong></span> <span class='ocrx_word' id='word_1_54' title='bbox 618 1079 856 1128; x_wconf 86' lang='lat' dir='ltr'><strong>mutuas</strong></span> <span class='ocrx_word' id='word_1_55' title='bbox 896 1069 1248 1128; x_wconf 87' lang='lat' dir='ltr'><strong>luctantium</strong></span> <span class='ocrx_word' id='word_1_56' title='bbox 1292 1069 1713 1148; x_wconf 87' lang='lat' dir='ltr'><strong>prehensiones</strong></span> <span class='ocrx_word' id='word_1_57' title='bbox 1754 1069 2167 1131; x_wconf 80' lang='lat' dir='ltr'><strong>admitterent:</strong></span> <span class='ocrx_word' id='word_1_58' title='bbox 2210 1069 2369 1131; x_wconf 91' lang='lat' dir='ltr'><strong>unde</strong></span> <span class='ocrx_word' id='word_1_59' title='bbox 2408 1082 2613 1132; x_wconf 84' lang='lat' dir='ltr'><strong>natum</strong></span> 
     </span>
     <span class='ocr_line' id='line_1_8' title="bbox 421 1165 2614 1246; baseline 0.001 -21"><span class='ocrx_word' id='word_1_60' title='bbox 421 1165 812 1245; x_wconf 85' lang='lat' dir='ltr'><strong>proverbium,</strong></span> <span class='ocrx_word' id='word_1_61' title='bbox 849 1171 866 1200; x_wconf 89' lang='lat'>‘</span> <span class='ocrx_word' id='word_1_62' title='bbox 889 1165 1038 1224; x_wconf 91' lang='lat' dir='ltr'><strong>citra</strong></span> <span class='ocrx_word' id='word_1_63' title='bbox 1064 1166 1322 1244; x_wconf 81' lang='lat' dir='ltr'><strong>pulveris</strong></span> <span class='ocrx_word' id='word_1_64' title='bbox 1351 1166 1614 1238; x_wconf 85' lang='lat' dir='ltr'><strong>tactum,’</strong></span> <span class='ocrx_word' id='word_1_65' title='bbox 1646 1166 1723 1225; x_wconf 89' lang='lat' dir='ltr'><strong>de</strong></span> <span class='ocrx_word' id='word_1_66' title='bbox 1749 1166 1841 1239; x_wconf 85' lang='lat' dir='ltr'><strong>iis,</strong></span> <span class='ocrx_word' id='word_1_67' title='bbox 1870 1167 1971 1245; x_wconf 89' lang='lat' dir='ltr'><strong>qui</strong></span> <span class='ocrx_word' id='word_1_68' title='bbox 1998 1165 2171 1228; x_wconf 82' lang='lat' dir='ltr'><strong>facile</strong></span> <span class='ocrx_word' id='word_1_69' title='bbox 2200 1165 2421 1246; x_wconf 82' lang='lat' dir='ltr'><strong>aliquid</strong></span> <span class='ocrx_word' id='word_1_70' title='bbox 2452 1185 2614 1228; x_wconf 76' lang='lat' dir='ltr'><strong>asse-</strong></span> 
     </span>
    </p>
   </div>
   <div class='ocr_carea' id='block_1_3' title="bbox 421 1261 2717 1342">
    <p class='ocr_par' dir='ltr' id='par_1_3' title="bbox 421 1261 2717 1342">
     <span class='ocr_line' id='line_1_9' title="bbox 421 1261 2717 1342; baseline 0.002 -21"><span class='ocrx_word' id='word_1_71' title='bbox 421 1264 541 1322; x_wconf 92' lang='lat' dir='ltr'><strong>cuti</strong></span> <span class='ocrx_word' id='word_1_72' title='bbox 586 1274 749 1334; x_wconf 87' lang='lat' dir='ltr'><strong>sunt,</strong></span> <span class='ocrx_word' id='word_1_73' title='bbox 791 1271 854 1322; x_wconf 92' lang='lat' dir='ltr'><strong>et</strong></span> <span class='ocrx_word' id='word_1_74' title='bbox 897 1262 1048 1322; x_wconf 87' lang='lat' dir='ltr'><strong>citra</strong></span> <span class='ocrx_word' id='word_1_75' title='bbox 1092 1262 1390 1333; x_wconf 86' lang='lat' dir='ltr'><strong>sudorem,</strong></span> <span class='ocrx_word' id='word_1_76' title='bbox 1431 1262 1594 1341; x_wconf 86' lang='lat' dir='ltr'><strong>quod</strong></span> <span class='ocrx_word' id='word_1_77' title='bbox 1634 1273 1697 1322; x_wconf 89' lang='lat' dir='ltr'><strong>et</strong></span> <span class='ocrx_word' id='word_1_78' title='bbox 1740 1263 1885 1323; x_wconf 88' lang='lat' dir='ltr'><strong>citra</strong></span> <span class='ocrx_word' id='word_1_79' title='bbox 1912 1261 2209 1341; x_wconf 83' lang='lat' dir='ltr'><strong>pulverem</strong></span> <span class='ocrx_word' id='word_1_80' title='bbox 2238 1261 2357 1322; x_wconf 89' lang='lat' dir='ltr'><strong>dici</strong></span> <span class='ocrx_word' id='word_1_81' title='bbox 2400 1271 2615 1342; x_wconf 83' lang='lat' dir='ltr'><strong>potest.</strong></span> <span class='ocrx_word' id='word_1_82' title='bbox 2712 1288 2717 1302; x_wconf 93' lang='grc'><strong><em>·</em></strong></span> 
     </span>
    </p>
   </div>
   <div class='ocr_carea' id='block_1_4' title="bbox 365 1353 2626 2690">
    <p class='ocr_par' dir='ltr' id='par_1_4' title="bbox 423 1353 2621 2206">
     <span class='ocr_line' id='line_1_10' title="bbox 425 1353 2616 1440; baseline 0.001 -24"><span class='ocrx_word' id='word_1_83' title='bbox 425 1353 572 1418; x_wconf 86' lang='lat' dir='ltr'><strong>Eum</strong></span> <span class='ocrx_word' id='word_1_84' title='bbox 620 1357 920 1439; x_wconf 78' lang='lat' dir='ltr'><strong>pulverem</strong></span> <span class='ocrx_word' id='word_1_85' title='bbox 951 1357 1146 1418; x_wconf 69' lang='lat' dir='ltr'><strong>Graeci</strong></span> <span class='ocrx_word' id='word_1_86' title='bbox 1194 1358 1388 1437; x_wconf 86' lang='lat' dir='ltr'><strong>aphen</strong></span> <span class='ocrx_word' id='word_1_87' title='bbox 1433 1358 1734 1418; x_wconf 85' lang='lat' dir='ltr'><strong>dicebant.</strong></span> <span class='ocrx_word' id='word_1_88' title='bbox 1818 1360 1981 1418; x_wconf 90' lang='lat' dir='ltr'><strong>Inter</strong></span> <span class='ocrx_word' id='word_1_89' title='bbox 2027 1361 2347 1419; x_wconf 87' lang='lat' dir='ltr'><strong>luctatores</strong></span> <span class='ocrx_word' id='word_1_90' title='bbox 2374 1359 2616 1440; x_wconf 85' lang='lat' dir='ltr'><strong>quidam</strong></span> 
     </span>
     <span class='ocr_line' id='line_1_11' title="bbox 423 1453 2615 1534; baseline 0 -19"><span class='ocrx_word' id='word_1_91' title='bbox 423 1457 670 1516; x_wconf 85' lang='lat' dir='ltr'><strong>summis</strong></span> <span class='ocrx_word' id='word_1_92' title='bbox 697 1455 850 1514; x_wconf 90' lang='lat' dir='ltr'><strong>inter</strong></span> <span class='ocrx_word' id='word_1_93' title='bbox 877 1473 942 1513; x_wconf 86' lang='lat' dir='ltr'><strong>se</strong></span> <span class='ocrx_word' id='word_1_94' title='bbox 971 1453 1242 1513; x_wconf 85' lang='lat' dir='ltr'><strong>manibus</strong></span> <span class='ocrx_word' id='word_1_95' title='bbox 1270 1454 1717 1534; x_wconf 75' lang='lat' dir='ltr'><strong>depugnabant,</strong></span> <span class='ocrx_word' id='word_1_96' title='bbox 1754 1454 1919 1515; x_wconf 88' lang='lat' dir='ltr'><strong>nullo</strong></span> <span class='ocrx_word' id='word_1_97' title='bbox 1944 1456 2256 1534; x_wconf 88' lang='lat' dir='ltr'><strong>complexu</strong></span> <span class='ocrx_word' id='word_1_98' title='bbox 2280 1456 2615 1516; x_wconf 73' lang='lat' dir='ltr'><strong>haerentes:</strong></span> 
     </span>
     <span class='ocr_line' id='line_1_12' title="bbox 423 1550 2621 1614; baseline 0 -3"><span class='ocrx_word' id='word_1_99' title='bbox 423 1571 530 1612; x_wconf 82' lang='lat' dir='ltr'><strong>eos</strong></span> <span class='ocrx_word' id='word_1_100' title='bbox 558 1550 966 1612; x_wconf 84' lang='lat' dir='ltr'><strong>acrochiristas</strong></span> <span class='ocrx_word' id='word_1_101' title='bbox 990 1552 1284 1610; x_wconf 82' lang='lat' dir='ltr'><strong>vocabant</strong></span> <span class='ocrx_word' id='word_1_102' title='bbox 1307 1550 1522 1611; x_wconf 83' lang='lat' dir='ltr'><strong>Graeci.</strong></span> <span class='ocrx_word' id='word_1_103' title='bbox 1573 1551 1695 1611; x_wconf 89' lang='lat' dir='ltr'><strong>Alii</strong></span> <span class='ocrx_word' id='word_1_104' title='bbox 1713 1551 1971 1614; x_wconf 84' lang='lat' dir='ltr'><strong>vicissim</strong></span> <span class='ocrx_word' id='word_1_105' title='bbox 1998 1551 2283 1613; x_wconf 77' lang='lat' dir='ltr'><strong>feriebant</strong></span> <span class='ocrx_word' id='word_1_106' title='bbox 2306 1551 2621 1612; x_wconf 79' lang='lat' dir='ltr'><strong>arrectaria</strong></span> 
     </span>
     <span class='ocr_line' id='line_1_13' title="bbox 423 1645 2618 1725; baseline -0 -17"><span class='ocrx_word' id='word_1_107' title='bbox 423 1645 883 1719; x_wconf 79' lang='lat' dir='ltr'><strong>concertatione,</strong></span> <span class='ocrx_word' id='word_1_108' title='bbox 920 1646 1036 1706; x_wconf 88' lang='lat' dir='ltr'><strong>hoc</strong></span> <span class='ocrx_word' id='word_1_109' title='bbox 1059 1655 1174 1718; x_wconf 87' lang='lat' dir='ltr'><strong>est,</strong></span> <span class='ocrx_word' id='word_1_110' title='bbox 1205 1647 1434 1720; x_wconf 87' lang='lat' dir='ltr'><strong>arrecti,</strong></span> <span class='ocrx_word' id='word_1_111' title='bbox 1463 1655 1524 1706; x_wconf 89' lang='lat' dir='ltr'><strong>et</strong></span> <span class='ocrx_word' id='word_1_112' title='bbox 1549 1648 1791 1725; x_wconf 83' lang='lat' dir='ltr'><strong>pulvere</strong></span> <span class='ocrx_word' id='word_1_113' title='bbox 1821 1647 2018 1719; x_wconf 81' lang='lat' dir='ltr'><strong>obsiti,</strong></span> <span class='ocrx_word' id='word_1_114' title='bbox 2062 1647 2212 1708; x_wconf 88' lang='lat' dir='ltr'><strong>alter</strong></span> <span class='ocrx_word' id='word_1_115' title='bbox 2238 1647 2481 1708; x_wconf 89' lang='lat' dir='ltr'><strong>alterum</strong></span> <span class='ocrx_word' id='word_1_116' title='bbox 2510 1649 2618 1707; x_wconf 88' lang='lat' dir='ltr'><strong>im-</strong></span> 
     </span>
     <span class='ocr_line' id='line_1_14' title="bbox 424 1742 2618 1824; baseline 0.001 -22"><span class='ocrx_word' id='word_1_117' title='bbox 424 1746 704 1824; x_wconf 87' lang='lat' dir='ltr'><strong>petebant</strong></span> <span class='ocrx_word' id='word_1_118' title='bbox 729 1763 1013 1824; x_wconf 88' lang='lat' dir='ltr'><strong>procursu</strong></span> <span class='ocrx_word' id='word_1_119' title='bbox 1041 1742 1508 1823; x_wconf 83' lang='lat' dir='ltr'><strong>calcitratuque:</strong></span> <span class='ocrx_word' id='word_1_120' title='bbox 1537 1743 1801 1804; x_wconf 75' lang='lat' dir='ltr'><strong>calcibus</strong></span> <span class='ocrx_word' id='word_1_121' title='bbox 1830 1744 2009 1816; x_wconf 90' lang='lat' dir='ltr'><strong>enim,</strong></span> <span class='ocrx_word' id='word_1_122' title='bbox 2032 1745 2271 1816; x_wconf 88' lang='lat' dir='ltr'><strong>cubitis,</strong></span> <span class='ocrx_word' id='word_1_123' title='bbox 2300 1746 2618 1824; x_wconf 83' lang='lat' dir='ltr'><strong>ung-uibus,</strong></span> 
     </span>
     <span class='ocr_line' id='line_1_15' title="bbox 425 1839 2621 1920; baseline 0 -20"><span class='ocrx_word' id='word_1_124' title='bbox 425 1861 544 1900; x_wconf 88' lang='lat' dir='ltr'><strong>non</strong></span> <span class='ocrx_word' id='word_1_125' title='bbox 558 1840 737 1900; x_wconf 87' lang='lat' dir='ltr'><strong>modo</strong></span> <span class='ocrx_word' id='word_1_126' title='bbox 753 1839 968 1920; x_wconf 74' lang='lat' dir='ltr'><strong>pugnis</strong></span> <span class='ocrx_word' id='word_1_127' title='bbox 985 1841 1318 1912; x_wconf 88' lang='lat' dir='ltr'><strong>utebantur,</strong></span> <span class='ocrx_word' id='word_1_128' title='bbox 1332 1839 1610 1919; x_wconf 87' lang='lat' dir='ltr'><strong>omnique</strong></span> <span class='ocrx_word' id='word_1_129' title='bbox 1627 1839 1945 1918; x_wconf 88' lang='lat' dir='ltr'><strong>impetendi</strong></span> <span class='ocrx_word' id='word_1_130' title='bbox 1965 1839 2483 1918; x_wconf 86' lang='lat' dir='ltr'><strong>prehendendique</strong></span> <span class='ocrx_word' id='word_1_131' title='bbox 2494 1861 2621 1901; x_wconf 83' lang='lat' dir='ltr'><strong>mo-</strong></span> 
     </span>
     <span class='ocr_line' id='line_1_16' title="bbox 428 1933 2620 2018; baseline 0 -23"><span class='ocrx_word' id='word_1_132' title='bbox 428 1937 536 1998; x_wconf 88' lang='lat' dir='ltr'><strong>do:</strong></span> <span class='ocrx_word' id='word_1_133' title='bbox 567 1936 986 2018; x_wconf 81' lang='lat' dir='ltr'><strong>pancratiastse</strong></span> <span class='ocrx_word' id='word_1_134' title='bbox 1007 1937 1220 2006; x_wconf 78' lang='lat' dir='ltr'><strong>vocati,</strong></span> <span class='ocrx_word' id='word_1_135' title='bbox 1239 1945 1300 1994; x_wconf 92' lang='lat' dir='ltr'><strong>et</strong></span> <span class='ocrx_word' id='word_1_136' title='bbox 1319 1933 1667 2015; x_wconf 83' lang='lat' dir='ltr'><strong>pancration</strong></span> <span class='ocrx_word' id='word_1_137' title='bbox 1688 1934 2023 2013; x_wconf 86' lang='lat' dir='ltr'><strong>hujusmodi</strong></span> <span class='ocrx_word' id='word_1_138' title='bbox 2044 1936 2377 1996; x_wconf 82' lang='lat' dir='ltr'><strong>certaminis</strong></span> <span class='ocrx_word' id='word_1_139' title='bbox 2408 1957 2620 2016; x_wconf 79' lang='lat' dir='ltr'><strong>genus,</strong></span> 
     </span>
     <span class='ocr_line' id='line_1_17' title="bbox 429 2030 2621 2111; baseline 0 -19"><span class='ocrx_word' id='word_1_140' title='bbox 429 2053 504 2092; x_wconf 85' lang='lat' dir='ltr'><strong>ex</strong></span> <span class='ocrx_word' id='word_1_141' title='bbox 531 2051 604 2093; x_wconf 88' lang='lat' dir='ltr'><strong>eo</strong></span> <span class='ocrx_word' id='word_1_142' title='bbox 631 2032 794 2111; x_wconf 88' lang='lat' dir='ltr'><strong>quod</strong></span> <span class='ocrx_word' id='word_1_143' title='bbox 823 2031 1126 2090; x_wconf 88' lang='lat' dir='ltr'><strong>advocatis</strong></span> <span class='ocrx_word' id='word_1_144' title='bbox 1155 2030 1428 2091; x_wconf 84' lang='lat' dir='ltr'><strong>omnibus</strong></span> <span class='ocrx_word' id='word_1_145' title='bbox 1453 2031 1716 2108; x_wconf 86' lang='lat' dir='ltr'><strong>corporis</strong></span> <span class='ocrx_word' id='word_1_146' title='bbox 1744 2030 1985 2102; x_wconf 77' lang='lat' dir='ltr'><strong>viribus,</strong></span> <span class='ocrx_word' id='word_1_147' title='bbox 2015 2031 2393 2110; x_wconf 86' lang='lat' dir='ltr'><strong>omniumque</strong></span> <span class='ocrx_word' id='word_1_148' title='bbox 2414 2051 2621 2092; x_wconf 80' lang='lat' dir='ltr'><strong>nervo-</strong></span> 
     </span>
     <span class='ocr_line' id='line_1_18' title="bbox 431 2127 1439 2206; baseline -0.002 -18"><span class='ocrx_word' id='word_1_149' title='bbox 431 2148 562 2188; x_wconf 87' lang='lat' dir='ltr'><strong>rum</strong></span> <span class='ocrx_word' id='word_1_150' title='bbox 588 2127 969 2187; x_wconf 81' lang='lat' dir='ltr'><strong>contentione</strong></span> <span class='ocrx_word' id='word_1_151' title='bbox 999 2127 1439 2206; x_wconf 81' lang='lat' dir='ltr'><strong>transigeretur.</strong></span> 
     </span>
    </p>

    <p class='ocr_par' dir='ltr' id='par_1_5' title="bbox 365 2223 2623 2498">
     <span class='ocr_line' id='line_1_19' title="bbox 513 2223 2623 2304; baseline -0.001 -20"><span class='ocrx_word' id='word_1_152' title='bbox 513 2223 632 2292; x_wconf 84' lang='lat' dir='ltr'><strong>Qui</strong></span> <span class='ocrx_word' id='word_1_153' title='bbox 660 2224 828 2284; x_wconf 89' lang='lat' dir='ltr'><strong>disco</strong></span> <span class='ocrx_word' id='word_1_154' title='bbox 857 2244 924 2283; x_wconf 88' lang='lat' dir='ltr'><strong>se</strong></span> <span class='ocrx_word' id='word_1_155' title='bbox 950 2225 1302 2284; x_wconf 85' lang='lat' dir='ltr'><strong>exercebant</strong></span> <span class='ocrx_word' id='word_1_156' title='bbox 1344 2223 1606 2297; x_wconf 77' lang='lat' dir='ltr'><strong>athletae,</strong></span> <span class='ocrx_word' id='word_1_157' title='bbox 1650 2223 1939 2285; x_wconf 85' lang='lat' dir='ltr'><strong>discoboli</strong></span> <span class='ocrx_word' id='word_1_158' title='bbox 1966 2223 2217 2298; x_wconf 71' lang='lat' dir='ltr'><strong>GroeciS,</strong></span> <span class='ocrx_word' id='word_1_159' title='bbox 2246 2223 2623 2304; x_wconf 85' lang='lat' dir='ltr'><strong>appellaban-</strong></span> 
     </span>
     <span class='ocr_line' id='line_1_20' title="bbox 365 2319 2622 2400; baseline 0.001 -18"><span class='ocrx_word' id='word_1_160' title='bbox 365 2383 372 2390; x_wconf 83' lang='grc'><strong>,</strong></span> <span class='ocrx_word' id='word_1_161' title='bbox 429 2331 545 2394; x_wconf 86' lang='lat' dir='ltr'><strong>tur,</strong></span> <span class='ocrx_word' id='word_1_162' title='bbox 572 2323 688 2382; x_wconf 87' lang='lat' dir='ltr'><strong>hoc</strong></span> <span class='ocrx_word' id='word_1_163' title='bbox 716 2331 828 2392; x_wconf 91' lang='lat' dir='ltr'><strong>est,</strong></span> <span class='ocrx_word' id='word_1_164' title='bbox 876 2320 1105 2382; x_wconf 86' lang='lat' dir='ltr'><strong>discum</strong></span> <span class='ocrx_word' id='word_1_165' title='bbox 1153 2319 1212 2380; x_wconf 92' lang='lat' dir='ltr'><strong>in</strong></span> <span class='ocrx_word' id='word_1_166' title='bbox 1265 2320 1516 2382; x_wconf 84' lang='lat' dir='ltr'><strong>sublime</strong></span> <span class='ocrx_word' id='word_1_167' title='bbox 1549 2321 1909 2400; x_wconf 83' lang='lat' dir='ltr'><strong>jaculantes.</strong></span> <span class='ocrx_word' id='word_1_168' title='bbox 1994 2321 2137 2381; x_wconf 85' lang='lat' dir='ltr'><strong>Erat</strong></span> <span class='ocrx_word' id='word_1_169' title='bbox 2180 2329 2379 2382; x_wconf 88' lang='lat' dir='ltr'><strong>autem</strong></span> <span class='ocrx_word' id='word_1_170' title='bbox 2420 2323 2622 2384; x_wconf 86' lang='lat' dir='ltr'><strong>discus</strong></span> 
     </span>
     <span class='ocr_line' id='line_1_21' title="bbox 432 2416 1945 2498; baseline -0.001 -21"><span class='ocrx_word' id='word_1_171' title='bbox 432 2419 583 2498; x_wconf 86' lang='lat' dir='ltr'><strong>lapis</strong></span> <span class='ocrx_word' id='word_1_172' title='bbox 611 2417 900 2478; x_wconf 86' lang='lat' dir='ltr'><strong>rotundus</strong></span> <span class='ocrx_word' id='word_1_173' title='bbox 932 2436 1004 2476; x_wconf 89' lang='lat' dir='ltr'><strong>ac</strong></span> <span class='ocrx_word' id='word_1_174' title='bbox 1032 2425 1330 2495; x_wconf 85' lang='lat' dir='ltr'><strong>pertusus,</strong></span> <span class='ocrx_word' id='word_1_175' title='bbox 1359 2416 1554 2494; x_wconf 89' lang='lat' dir='ltr'><strong>inquit</strong></span> <span class='ocrx_word' id='word_1_176' title='bbox 1577 2417 1945 2476; x_wconf 87' lang='lat' dir='ltr'><strong>Ammonius.</strong></span> 
     </span>
    </p>

    <p class='ocr_par' dir='ltr' id='par_1_6' title="bbox 434 2513 2626 2690">
     <span class='ocr_line' id='line_1_22' title="bbox 516 2513 2626 2594; baseline 0.001 -22"><span class='ocrx_word' id='word_1_177' title='bbox 516 2513 848 2594; x_wconf 82' lang='lat' dir='ltr'><strong>Pugilatus,</strong></span> <span class='ocrx_word' id='word_1_178' title='bbox 876 2533 1050 2591; x_wconf 88' lang='lat' dir='ltr'><strong>quem</strong></span> <span class='ocrx_word' id='word_1_179' title='bbox 1080 2513 1276 2574; x_wconf 64' lang='lat' dir='ltr'><strong>Graeci</strong></span> <span class='ocrx_word' id='word_1_180' title='bbox 1303 2532 1562 2594; x_wconf 74' lang='lat' dir='ltr'><strong>pygmea</strong></span> <span class='ocrx_word' id='word_1_181' title='bbox 1591 2513 1992 2592; x_wconf 85' lang='lat' dir='ltr'><strong>appellabant,</strong></span> <span class='ocrx_word' id='word_1_182' title='bbox 2029 2513 2289 2574; x_wconf 81' lang='lat' dir='ltr'><strong>cestibus</strong></span> <span class='ocrx_word' id='word_1_183' title='bbox 2315 2515 2626 2576; x_wconf 83' lang='lat' dir='ltr'><strong>exerceba-</strong></span> 
     </span>
     <span class='ocr_line' id='line_1_23' title="bbox 434 2610 2626 2690; baseline -0 -19"><span class='ocrx_word' id='word_1_184' title='bbox 434 2622 552 2684; x_wconf 91' lang='lat' dir='ltr'><strong>tur,</strong></span> <span class='ocrx_word' id='word_1_185' title='bbox 581 2610 788 2690; x_wconf 88' lang='lat' dir='ltr'><strong>quales</strong></span> <span class='ocrx_word' id='word_1_186' title='bbox 817 2630 856 2669; x_wconf 90' lang='lat' dir='ltr'><strong>a</strong></span> <span class='ocrx_word' id='word_1_187' title='bbox 879 2610 1148 2689; x_wconf 81' lang='lat' dir='ltr'><strong>Virgilio,</strong></span> <span class='ocrx_word' id='word_1_188' title='bbox 1189 2610 1291 2672; x_wconf 90' lang='lat' dir='ltr'><strong>lib.</strong></span> <span class='ocrx_word' id='word_1_189' title='bbox 1325 2629 1386 2669; x_wconf 85' lang='lat' dir='ltr'><strong>v.</strong></span> <span class='ocrx_word' id='word_1_190' title='bbox 1417 2610 1863 2670; x_wconf 81' lang='lat' dir='ltr'><strong>describuntur:</strong></span> <span class='ocrx_word' id='word_1_191' title='bbox 1906 2611 1967 2669; x_wconf 86' lang='lat' dir='ltr'><strong>in</strong></span> <span class='ocrx_word' id='word_1_192' title='bbox 2011 2629 2083 2669; x_wconf 90' lang='lat' dir='ltr'><strong>eo</strong></span> <span class='ocrx_word' id='word_1_193' title='bbox 2126 2610 2229 2688; x_wconf 87' lang='lat' dir='ltr'><strong>qui</strong></span> <span class='ocrx_word' id='word_1_194' title='bbox 2273 2611 2626 2670; x_wconf 83' lang='lat' dir='ltr'><strong>exerceban-</strong></span> 
     </span>
    </p>
   </div>
   <div class='ocr_carea' id='block_1_5' title="bbox 433 2705 2630 2881">
    <p class='ocr_par' dir='ltr' id='par_1_7' title="bbox 433 2705 2630 2881">
     <span class='ocr_line' id='line_1_24' title="bbox 433 2705 2630 2787; baseline -0 -20"><span class='ocrx_word' id='word_1_195' title='bbox 433 2717 551 2778; x_wconf 89' lang='lat' dir='ltr'><strong>tur,</strong></span> <span class='ocrx_word' id='word_1_196' title='bbox 579 2705 812 2786; x_wconf 82' lang='lat' dir='ltr'><strong>pugiles</strong></span> <span class='ocrx_word' id='word_1_197' title='bbox 839 2706 1082 2779; x_wconf 87' lang='lat' dir='ltr'><strong>Latinis,</strong></span> <span class='ocrx_word' id='word_1_198' title='bbox 1111 2705 1338 2767; x_wconf 78' lang='lat' dir='ltr'><strong>Graecis</strong></span> <span class='ocrx_word' id='word_1_199' title='bbox 1366 2717 1563 2787; x_wconf 81' lang='lat' dir='ltr'><strong>pyctoe</strong></span> <span class='ocrx_word' id='word_1_200' title='bbox 1593 2706 1740 2768; x_wconf 88' lang='lat' dir='ltr'><strong>dicti</strong></span> <span class='ocrx_word' id='word_1_201' title='bbox 1767 2716 1935 2766; x_wconf 86' lang='lat' dir='ltr'><strong>sunt:</strong></span> <span class='ocrx_word' id='word_1_202' title='bbox 1965 2706 2127 2785; x_wconf 90' lang='lat' dir='ltr'><strong>quod</strong></span> <span class='ocrx_word' id='word_1_203' title='bbox 2156 2725 2371 2765; x_wconf 90' lang='lat' dir='ltr'><strong>nomen</strong></span> <span class='ocrx_word' id='word_1_204' title='bbox 2396 2706 2471 2766; x_wconf 88' lang='lat' dir='ltr'><strong>ad</strong></span> <span class='ocrx_word' id='word_1_205' title='bbox 2506 2705 2630 2784; x_wconf 76' lang='lat' dir='ltr'><strong>gal·</strong></span> 
     </span>
     <span class='ocr_line' id='line_1_25' title="bbox 434 2801 1548 2881; baseline 0.004 -21"><span class='ocrx_word' id='word_1_206' title='bbox 434 2801 696 2863; x_wconf 87' lang='lat' dir='ltr'><strong>linaceos</strong></span> <span class='ocrx_word' id='word_1_207' title='bbox 725 2821 1026 2881; x_wconf 83' lang='lat' dir='ltr'><strong>pugnaces</strong></span> <span class='ocrx_word' id='word_1_208' title='bbox 1058 2801 1408 2864; x_wconf 77' lang='lat' dir='ltr'><strong>translatum</strong></span> <span class='ocrx_word' id='word_1_209' title='bbox 1437 2813 1548 2864; x_wconf 88' lang='lat' dir='ltr'><strong>est.</strong></span> 
     </span>
    </p>
   </div>
   <div class='ocr_carea' id='block_1_6' title="bbox 437 2893 2640 3939">
    <p class='ocr_par' dir='ltr' id='par_1_8' title="bbox 437 2893 2640 3939">
     <span class='ocr_line' id='line_1_26' title="bbox 518 2893 2631 2978; baseline -0.001 -22"><span class='ocrx_word' id='word_1_210' title='bbox 518 2897 956 2958; x_wconf 86' lang='lat' dir='ltr'><strong>Saltationum</strong></span> <span class='ocrx_word' id='word_1_211' title='bbox 943 2918 1003 2957; x_wconf 84' lang='lat' dir='ltr'>m</span> <span class='ocrx_word' id='word_1_212' title='bbox 1035 2898 1218 2958; x_wconf 84' lang='lat' dir='ltr'><strong>Ludis</strong></span> <span class='ocrx_word' id='word_1_213' title='bbox 1247 2897 1556 2978; x_wconf 82' lang='lat' dir='ltr'><strong>Gymnicis</strong></span> <span class='ocrx_word' id='word_1_214' title='bbox 1587 2897 1769 2956; x_wconf 85' lang='lat' dir='ltr'><strong>multa</strong></span> <span class='ocrx_word' id='word_1_215' title='bbox 1801 2916 2019 2974; x_wconf 80' lang='lat' dir='ltr'><strong>genera</strong></span> <span class='ocrx_word' id='word_1_216' title='bbox 2042 2895 2298 2970; x_wconf 78' lang='lat' dir='ltr'><strong>fuerunt,</strong></span> <span class='ocrx_word' id='word_1_217' title='bbox 2346 2893 2631 2975; x_wconf 76' lang='lat' dir='ltr'><strong>quemad-</strong></span> 
     </span>
     <span class='ocr_line' id='line_1_27' title="bbox 437 2990 2631 3070; baseline -0 -18"><span class='ocrx_word' id='word_1_218' title='bbox 437 2993 678 3053; x_wconf 88' lang='lat' dir='ltr'><strong>modum</strong></span> <span class='ocrx_word' id='word_1_219' title='bbox 725 2994 905 3055; x_wconf 88' lang='lat' dir='ltr'><strong>docet</strong></span> <span class='ocrx_word' id='word_1_220' title='bbox 947 2990 1264 3053; x_wconf 79' lang='lat' dir='ltr'><strong>Lucienus.</strong></span> <span class='ocrx_word' id='word_1_221' title='bbox 1351 2993 1492 3052; x_wconf 81' lang='lat' dir='ltr'><strong>Erat</strong></span> <span class='ocrx_word' id='word_1_222' title='bbox 1531 2991 1687 3051; x_wconf 86' lang='lat' dir='ltr'><strong>enim</strong></span> <span class='ocrx_word' id='word_1_223' title='bbox 1718 2991 1953 3051; x_wconf 83' lang='lat' dir='ltr'><strong>saltatio</strong></span> <span class='ocrx_word' id='word_1_224' title='bbox 1978 2991 2311 3069; x_wconf 85' lang='lat' dir='ltr'><strong>pyrrhicba,</strong></span> <span class='ocrx_word' id='word_1_225' title='bbox 2340 3011 2377 3050; x_wconf 88' lang='lat' dir='ltr'><strong>a</strong></span> <span class='ocrx_word' id='word_1_226' title='bbox 2406 2991 2631 3070; x_wconf 80' lang='lat' dir='ltr'><strong>Pyrrho</strong></span> 
     </span>
     <span class='ocr_line' id='line_1_28' title="bbox 437 3085 2631 3169; baseline -0.002 -21"><span class='ocrx_word' id='word_1_227' title='bbox 437 3091 698 3163; x_wconf 83' lang='lat' dir='ltr'><strong>inventa,</strong></span> <span class='ocrx_word' id='word_1_228' title='bbox 744 3109 781 3148; x_wconf 90' lang='lat' dir='ltr'><strong>a</strong></span> <span class='ocrx_word' id='word_1_229' title='bbox 808 3108 926 3168; x_wconf 90' lang='lat' dir='ltr'><strong>qua</strong></span> <span class='ocrx_word' id='word_1_230' title='bbox 953 3087 1336 3169; x_wconf 75' lang='lat' dir='ltr'><strong>pyrrhicharii</strong></span> <span class='ocrx_word' id='word_1_231' title='bbox 1363 3099 1424 3149; x_wconf 91' lang='lat' dir='ltr'><strong>et</strong></span> <span class='ocrx_word' id='word_1_232' title='bbox 1448 3086 1860 3168; x_wconf 76' lang='lat' dir='ltr'><strong>pyrrhichistoe</strong></span> <span class='ocrx_word' id='word_1_233' title='bbox 1889 3088 2067 3146; x_wconf 87' lang='lat' dir='ltr'><strong>dicti:</strong></span> <span class='ocrx_word' id='word_1_234' title='bbox 2108 3105 2244 3165; x_wconf 82' lang='lat' dir='ltr'><strong>quse</strong></span> <span class='ocrx_word' id='word_1_235' title='bbox 2276 3085 2483 3146; x_wconf 87' lang='lat' dir='ltr'><strong>eadem</strong></span> <span class='ocrx_word' id='word_1_236' title='bbox 2512 3085 2631 3144; x_wconf 92' lang='lat' dir='ltr'><strong>sal-</strong></span> 
     </span>
     <span class='ocr_line' id='line_1_29' title="bbox 439 3179 2630 3266; baseline -0.002 -21"><span class='ocrx_word' id='word_1_237' title='bbox 439 3185 586 3247; x_wconf 85' lang='lat' dir='ltr'><strong>tatio</strong></span> <span class='ocrx_word' id='word_1_238' title='bbox 627 3186 885 3266; x_wconf 85' lang='lat' dir='ltr'><strong>enoplia‚</strong></span> <span class='ocrx_word' id='word_1_239' title='bbox 927 3185 989 3245; x_wconf 89' lang='lat' dir='ltr'><strong>id</strong></span> <span class='ocrx_word' id='word_1_240' title='bbox 1037 3195 1150 3256; x_wconf 88' lang='lat' dir='ltr'><strong>est,</strong></span> <span class='ocrx_word' id='word_1_241' title='bbox 1195 3194 1424 3244; x_wconf 86' lang='lat' dir='ltr'><strong>armata</strong></span> <span class='ocrx_word' id='word_1_242' title='bbox 1469 3183 1815 3244; x_wconf 82' lang='lat' dir='ltr'><strong>dicebatur:</strong></span> <span class='ocrx_word' id='word_1_243' title='bbox 1866 3182 2027 3262; x_wconf 87' lang='lat' dir='ltr'><strong>quod</strong></span> <span class='ocrx_word' id='word_1_244' title='bbox 2076 3179 2284 3242; x_wconf 84' lang='lat' dir='ltr'><strong>armati</strong></span> <span class='ocrx_word' id='word_1_245' title='bbox 2327 3179 2630 3241; x_wconf 85' lang='lat' dir='ltr'><strong>saltarent.</strong></span> 
     </span>
     <span class='ocr_line' id='line_1_30' title="bbox 441 3278 2629 3354; baseline -0.002 -12"><span class='ocrx_word' id='word_1_246' title='bbox 441 3283 586 3343; x_wconf 89' lang='lat' dir='ltr'><strong>Erat</strong></span> <span class='ocrx_word' id='word_1_247' title='bbox 610 3284 848 3346; x_wconf 86' lang='lat' dir='ltr'><strong>saltatio</strong></span> <span class='ocrx_word' id='word_1_248' title='bbox 877 3284 1112 3344; x_wconf 85' lang='lat' dir='ltr'><strong>Cordax</strong></span> <span class='ocrx_word' id='word_1_249' title='bbox 1140 3284 1442 3354; x_wconf 79' lang='lat' dir='ltr'><strong>obscoena,</strong></span> <span class='ocrx_word' id='word_1_250' title='bbox 1478 3291 1540 3341; x_wconf 88' lang='lat' dir='ltr'><strong>et</strong></span> <span class='ocrx_word' id='word_1_251' title='bbox 1566 3281 1833 3342; x_wconf 85' lang='lat' dir='ltr'><strong>comica:</strong></span> <span class='ocrx_word' id='word_1_252' title='bbox 1876 3290 1939 3340; x_wconf 87' lang='lat' dir='ltr'><strong>et</strong></span> <span class='ocrx_word' id='word_1_253' title='bbox 1965 3278 2081 3339; x_wconf 87' lang='lat' dir='ltr'><strong>alia</strong></span> <span class='ocrx_word' id='word_1_254' title='bbox 2108 3278 2345 3338; x_wconf 84' lang='lat' dir='ltr'><strong>saltatio</strong></span> <span class='ocrx_word' id='word_1_255' title='bbox 2374 3280 2629 3350; x_wconf 87' lang='lat' dir='ltr'><strong>satirica,</strong></span> 
     </span>
     <span class='ocr_line' id='line_1_31' title="bbox 440 3375 2636 3458; baseline -0.002 -20"><span class='ocrx_word' id='word_1_256' title='bbox 440 3399 576 3458; x_wconf 76' lang='lat' dir='ltr'><strong>quae</strong></span> <span class='ocrx_word' id='word_1_257' title='bbox 621 3378 878 3440; x_wconf 87' lang='lat' dir='ltr'><strong>Sicinnis</strong></span> <span class='ocrx_word' id='word_1_258' title='bbox 925 3380 1254 3440; x_wconf 84' lang='lat' dir='ltr'><strong>dicebatur.</strong></span> <span class='ocrx_word' id='word_1_259' title='bbox 1339 3377 1478 3438; x_wconf 89' lang='lat' dir='ltr'><strong>Fuit</strong></span> <span class='ocrx_word' id='word_1_260' title='bbox 1523 3378 1663 3438; x_wconf 85' lang='lat' dir='ltr'><strong>item</strong></span> <span class='ocrx_word' id='word_1_261' title='bbox 1706 3375 1974 3436; x_wconf 85' lang='lat' dir='ltr'><strong>emmelia</strong></span> <span class='ocrx_word' id='word_1_262' title='bbox 2016 3375 2274 3446; x_wconf 86' lang='lat' dir='ltr'><strong>saltatio,</strong></span> <span class='ocrx_word' id='word_1_263' title='bbox 2319 3384 2532 3450; x_wconf 85' lang='lat' dir='ltr'><strong>pacata</strong></span> <span class='ocrx_word' id='word_1_264' title='bbox 2574 3384 2636 3434; x_wconf 91' lang='lat' dir='ltr'><strong>et</strong></span> 
     </span>
     <span class='ocr_line' id='line_1_32' title="bbox 441 3471 2638 3553; baseline -0.002 -19"><span class='ocrx_word' id='word_1_265' title='bbox 441 3475 715 3536; x_wconf 85' lang='lat' dir='ltr'><strong>honesta.</strong></span> <span class='ocrx_word' id='word_1_266' title='bbox 800 3471 917 3545; x_wconf 81' lang='lat' dir='ltr'><strong>Qui</strong></span> <span class='ocrx_word' id='word_1_267' title='bbox 945 3495 1084 3536; x_wconf 79' lang='lat' dir='ltr'><strong>vero</strong></span> <span class='ocrx_word' id='word_1_268' title='bbox 1111 3476 1300 3536; x_wconf 83' lang='lat' dir='ltr'><strong>saltus</strong></span> <span class='ocrx_word' id='word_1_269' title='bbox 1331 3473 1677 3553; x_wconf 85' lang='lat' dir='ltr'><strong>pernicitate</strong></span> <span class='ocrx_word' id='word_1_270' title='bbox 1704 3471 2146 3532; x_wconf 87' lang='lat' dir='ltr'><strong>contendebant</strong></span> <span class='ocrx_word' id='word_1_271' title='bbox 2187 3472 2246 3531; x_wconf 89' lang='lat' dir='ltr'><strong>in</strong></span> <span class='ocrx_word' id='word_1_272' title='bbox 2290 3471 2638 3549; x_wconf 73' lang='lat' dir='ltr'><strong>gymnasiis,</strong></span> 
     </span>
     <span class='ocr_line' id='line_1_33' title="bbox 441 3567 2635 3649; baseline -0.002 -19"><span class='ocrx_word' id='word_1_273' title='bbox 441 3571 645 3632; x_wconf 81' lang='lat' dir='ltr'><strong>baltici</strong></span> <span class='ocrx_word' id='word_1_274' title='bbox 675 3593 711 3632; x_wconf 90' lang='lat' dir='ltr'><strong>a</strong></span> <span class='ocrx_word' id='word_1_275' title='bbox 739 3572 968 3632; x_wconf 77' lang='lat' dir='ltr'><strong>Graecis</strong></span> <span class='ocrx_word' id='word_1_276' title='bbox 995 3571 1374 3638; x_wconf 85' lang='lat' dir='ltr'><strong>dicebantur;</strong></span> <span class='ocrx_word' id='word_1_277' title='bbox 1419 3569 1520 3649; x_wconf 90' lang='lat' dir='ltr'><strong>qui</strong></span> <span class='ocrx_word' id='word_1_278' title='bbox 1551 3577 1749 3628; x_wconf 88' lang='lat' dir='ltr'><strong>autem</strong></span> <span class='ocrx_word' id='word_1_279' title='bbox 1774 3568 2052 3640; x_wconf 84' lang='lat' dir='ltr'><strong>halmate,</strong></span> <span class='ocrx_word' id='word_1_280' title='bbox 2094 3567 2155 3628; x_wconf 93' lang='lat' dir='ltr'><strong>id</strong></span> <span class='ocrx_word' id='word_1_281' title='bbox 2186 3577 2297 3638; x_wconf 88' lang='lat' dir='ltr'><strong>est,</strong></span> <span class='ocrx_word' id='word_1_282' title='bbox 2326 3567 2481 3627; x_wconf 87' lang='lat' dir='ltr'><strong>saltu</strong></span> <span class='ocrx_word' id='word_1_283' title='bbox 2509 3586 2635 3627; x_wconf 81' lang='lat' dir='ltr'><strong>cer—</strong></span> 
     </span>
     <span class='ocr_line' id='line_1_34' title="bbox 447 3663 2640 3749; baseline -0.004 -21"><span class='ocrx_word' id='word_1_284' title='bbox 447 3668 676 3738; x_wconf 87' lang='lat' dir='ltr'><strong>tabant,</strong></span> <span class='ocrx_word' id='word_1_285' title='bbox 718 3667 876 3746; x_wconf 87' lang='lat' dir='ltr'><strong>apud</strong></span> <span class='ocrx_word' id='word_1_286' title='bbox 921 3669 1198 3749; x_wconf 83' lang='lat' dir='ltr'><strong>antiquos</strong></span> <span class='ocrx_word' id='word_1_287' title='bbox 1246 3670 1561 3729; x_wconf 87' lang='lat' dir='ltr'><strong>utebantur</strong></span> <span class='ocrx_word' id='word_1_288' title='bbox 1601 3663 1964 3726; x_wconf 86' lang='lat' dir='ltr'><strong>halteribus:</strong></span> <span class='ocrx_word' id='word_1_289' title='bbox 2008 3665 2097 3724; x_wconf 81' lang='lat' dir='ltr'><strong>sic</strong></span> <span class='ocrx_word' id='word_1_290' title='bbox 2142 3663 2295 3724; x_wconf 88' lang='lat' dir='ltr'><strong>enim</strong></span> <span class='ocrx_word' id='word_1_291' title='bbox 2344 3666 2640 3724; x_wconf 82' lang='lat' dir='ltr'><strong>vocabant</strong></span> 
     </span>
     <span class='ocr_line' id='line_1_35' title="bbox 439 3760 2639 3845; baseline -0.002 -21"><span class='ocrx_word' id='word_1_292' title='bbox 439 3764 754 3845; x_wconf 81' lang='lat' dir='ltr'><strong>plumbeas</strong></span> <span class='ocrx_word' id='word_1_293' title='bbox 796 3765 969 3844; x_wconf 87' lang='lat' dir='ltr'><strong>pilas,</strong></span> <span class='ocrx_word' id='word_1_294' title='bbox 1007 3767 1396 3836; x_wconf 81' lang='lat' dir='ltr'><strong>massulasve‚</strong></span> <span class='ocrx_word' id='word_1_295' title='bbox 1441 3763 1655 3844; x_wconf 87' lang='lat' dir='ltr'><strong>quibus</strong></span> <span class='ocrx_word' id='word_1_296' title='bbox 1698 3772 1945 3841; x_wconf 86' lang='lat' dir='ltr'><strong>utraque</strong></span> <span class='ocrx_word' id='word_1_297' title='bbox 1988 3781 2164 3822; x_wconf 85' lang='lat' dir='ltr'><strong>manu</strong></span> <span class='ocrx_word' id='word_1_298' title='bbox 2214 3779 2280 3820; x_wconf 87' lang='lat' dir='ltr'><strong>se</strong></span> <span class='ocrx_word' id='word_1_299' title='bbox 2320 3760 2639 3828; x_wconf 84' lang='lat' dir='ltr'><strong>librabant.</strong></span> 
     </span>
     <span class='ocr_line' id='line_1_36' title="bbox 449 3855 2636 3939; baseline -0.004 -17"><span class='ocrx_word' id='word_1_300' title='bbox 449 3870 519 3922; x_wconf 86' lang='lat' dir='ltr'><strong>ut</strong></span> <span class='ocrx_word' id='word_1_301' title='bbox 543 3861 760 3922; x_wconf 86' lang='lat' dir='ltr'><strong>certius</strong></span> <span class='ocrx_word' id='word_1_302' title='bbox 789 3859 1102 3920; x_wconf 86' lang='lat' dir='ltr'><strong>assilirent.</strong></span> <span class='ocrx_word' id='word_1_303' title='bbox 1187 3861 1570 3922; x_wconf 82' lang='lat' dir='ltr'><strong>Chironornia</strong></span> <span class='ocrx_word' id='word_1_304' title='bbox 1597 3878 1835 3939; x_wconf 86' lang='lat' dir='ltr'><strong>quoque</strong></span> <span class='ocrx_word' id='word_1_305' title='bbox 1862 3867 1991 3922; x_wconf 84' lang='lat' dir='ltr'><strong>erat</strong></span> <span class='ocrx_word' id='word_1_306' title='bbox 2030 3857 2269 3918; x_wconf 84' lang='lat' dir='ltr'><strong>saltatio</strong></span> <span class='ocrx_word' id='word_1_307' title='bbox 2316 3855 2636 3934; x_wconf 77' lang='lat' dir='ltr'><strong>gesticula-</strong></span> 
     </span>
    </p>
   </div>
   <div class='ocr_carea' id='block_1_7' title="bbox 448 3951 2637 4134">
    <p class='ocr_par' dir='ltr' id='par_1_9' title="bbox 448 3951 2637 4134">
     <span class='ocr_line' id='line_1_37' title="bbox 448 3951 2637 4039; baseline -0.004 -22"><span class='ocrx_word' id='word_1_308' title='bbox 448 3959 584 4030; x_wconf 87' lang='lat' dir='ltr'><strong>trix,</strong></span> <span class='ocrx_word' id='word_1_309' title='bbox 613 3956 806 4039; x_wconf 89' lang='lat' dir='ltr'><strong>qualis</strong></span> <span class='ocrx_word' id='word_1_310' title='bbox 835 3966 946 4028; x_wconf 84' lang='lat' dir='ltr'><strong>est,</strong></span> <span class='ocrx_word' id='word_1_311' title='bbox 977 3975 1152 4037; x_wconf 87' lang='lat' dir='ltr'><strong>quam</strong></span> <span class='ocrx_word' id='word_1_312' title='bbox 1183 3958 1511 4018; x_wconf 73' lang='lat' dir='ltr'><strong>Mauricum</strong></span> <span class='ocrx_word' id='word_1_313' title='bbox 1537 3973 1853 4018; x_wconf 72' lang='lat' dir='ltr'><strong>vocamust</strong></span> <span class='ocrx_word' id='word_1_314' title='bbox 1896 3954 2059 4014; x_wconf 84' lang='lat' dir='ltr'><strong>unde</strong></span> <span class='ocrx_word' id='word_1_315' title='bbox 2083 3951 2407 4014; x_wconf 88' lang='lat' dir='ltr'><strong>chironomi</strong></span> <span class='ocrx_word' id='word_1_316' title='bbox 2435 3951 2637 4030; x_wconf 72' lang='lat' dir='ltr'><strong>hujus·-</strong></span> 
     </span>
     <span class='ocr_line' id='line_1_38' title="bbox 450 4053 1278 4134; baseline -0.005 -20"><span class='ocrx_word' id='word_1_317' title='bbox 450 4056 612 4115; x_wconf 83' lang='lat' dir='ltr'><strong>modi</strong></span> <span class='ocrx_word' id='word_1_318' title='bbox 639 4054 1088 4134; x_wconf 76' lang='lat' dir='ltr'><strong>gesticulatores</strong></span> <span class='ocrx_word' id='word_1_319' title='bbox 1115 4053 1278 4113; x_wconf 89' lang='lat' dir='ltr'><strong>dicti.</strong></span> 
     </span>
    </p>
   </div>
   <div class='ocr_carea' id='block_1_8' title="bbox 454 4141 2640 4326">
    <p class='ocr_par' dir='ltr' id='par_1_10' title="bbox 454 4141 2640 4326">
     <span class='ocr_line' id='line_1_39' title="bbox 534 4141 2640 4224; baseline -0.006 -13"><span class='ocrx_word' id='word_1_320' title='bbox 534 4152 846 4212; x_wconf 85' lang='lat' dir='ltr'><strong>Circenses</strong></span> <span class='ocrx_word' id='word_1_321' title='bbox 877 4149 1024 4210; x_wconf 89' lang='lat' dir='ltr'><strong>Ludi</strong></span> <span class='ocrx_word' id='word_1_322' title='bbox 1051 4150 1373 4210; x_wconf 88' lang='lat' dir='ltr'><strong>certamina</strong></span> <span class='ocrx_word' id='word_1_323' title='bbox 1409 4159 1578 4210; x_wconf 86' lang='lat' dir='ltr'><strong>erant</strong></span> <span class='ocrx_word' id='word_1_324' title='bbox 1616 4147 1864 4218; x_wconf 87' lang='lat' dir='ltr'><strong>curulia,</strong></span> <span class='ocrx_word' id='word_1_325' title='bbox 1914 4165 2049 4224; x_wconf 76' lang='lat' dir='ltr'><strong>quae</strong></span> <span class='ocrx_word' id='word_1_326' title='bbox 2096 4144 2157 4203; x_wconf 87' lang='lat' dir='ltr'><strong>in</strong></span> <span class='ocrx_word' id='word_1_327' title='bbox 2200 4141 2358 4203; x_wconf 90' lang='lat' dir='ltr'><strong>circo</strong></span> <span class='ocrx_word' id='word_1_328' title='bbox 2383 4141 2640 4204; x_wconf 76' lang='lat' dir='ltr'><strong>fiebant:</strong></span> 
     </span>
     <span class='ocr_line' id='line_1_40' title="bbox 454 4237 2637 4326; baseline -0.005 -20"><span class='ocrx_word' id='word_1_329' title='bbox 454 4248 554 4325; x_wconf 79' lang='lat' dir='ltr'><strong>qui</strong></span> <span class='ocrx_word' id='word_1_330' title='bbox 583 4249 750 4310; x_wconf 86' lang='lat' dir='ltr'><strong>locus</strong></span> <span class='ocrx_word' id='word_1_331' title='bbox 780 4257 908 4308; x_wconf 85' lang='lat' dir='ltr'><strong>erat</strong></span> <span class='ocrx_word' id='word_1_332' title='bbox 933 4256 1109 4308; x_wconf 84' lang='lat' dir='ltr'><strong>ovata</strong></span> <span class='ocrx_word' id='word_1_333' title='bbox 1145 4246 1340 4326; x_wconf 87' lang='lat' dir='ltr'><strong>specie</strong></span> <span class='ocrx_word' id='word_1_334' title='bbox 1386 4253 1782 4316; x_wconf 86' lang='lat' dir='ltr'><strong>constructus,</strong></span> <span class='ocrx_word' id='word_1_335' title='bbox 1830 4239 2245 4319; x_wconf 82' lang='lat' dir='ltr'><strong>undecumque</strong></span> <span class='ocrx_word' id='word_1_336' title='bbox 2288 4237 2637 4319; x_wconf 77' lang='lat' dir='ltr'><strong>spectaculis</strong></span> 
     </span>
    </p>
   </div>
  </div>
 </body>
</html>
