3234 4934
1289 407 1494 456 Aaou
1509 409 1795 458 MENTA.
2500 395 2633 462 397

441 549 685 610 tenendi
725 549 1072 628 spectatoris
1111 567 1298 608 causa
1323 550 1450 610 vult
1476 549 1665 610 Poeta
1682 559 1891 613 'noster
1919 567 2125 612 omnes
2152 551 2411 630 quinque
2440 551 2628 614 Actus

440 644 815 704 velutunum
844 645 988 716 fieri,
1029 661 1106 702 ne
1141 644 1384 721 respiret
1428 643 1907 722 quodammodo:
1952 656 2151 724 atque,
2200 644 2481 707 distincta
2523 649 2631 707 ali-

440 740 582 800 cubi
605 739 1045 800 continuatione
1075 737 1518 798 succedentium
1556 759 1768 812 rerum,
1810 750 1947 799 ante
1980 741 2172 800 auiaea
2200 743 2435 802 sublata
2462 744 2629 802 fasti-

437 831 638 895 diosus
667 843 966 914 spectator
994 843 1297 912 exsurgat.
1380 834 1534 892 Acta
1580 833 1758 913 plane
1808 847 1901 894 est
1950 835 2132 894 Ludis
2161 837 2626 915 Megalensibus,

439 931 508 990 L.
535 929 863 1002 Postumio,
907 931 974 990 L.
1007 929 1286 989 Cornelio
1313 927 1606 989 AEdilibus
1640 928 2000 989 Curulibus:
2041 933 2219 992 etiam
2249 942 2389 992 tunc
2426 953 2627 1012 perso-

437 1026 593 1086 natis
635 1023 702 1086 Ιῖ.
732 1026 1012 1086 Numidio
1056 1025 1386 1096 Postumio,
1436 1025 1500 1084 L.
1549 1025 1819 1086 Ambivio
1862 1026 2202 1105 Turpione:
2244 1028 2381 1087 item
2419 1029 2627 1088 modu-

434 1124 596 1184 lante
624 1121 840 1181 Flacco
865 1119 1118 1180 Claudio
1141 1120 1298 1180 tibiis
1330 1119 1540 1180 dextra
1578 1130 1641 1180 et
1684 1120 1923 1180 sinistra
1973 1123 2049 1181 ob
2087 1121 2396 1201 jocularia,
2438 1125 2627 1185 multa

431 1217 721 1296 permixta
747 1217 1053 1296 gravitate.
1135 1215 1214 1274 Et
1241 1225 1376 1276 acta
1403 1227 1497 1276 est
1537 1225 1703 1276 tanto
1747 1235 2029 1276 successu
2075 1235 2149 1277 ac
2186 1216 2398 1294 plausu
2449 1228 2625 1299 atque

431 1311 736 1391 suffragio,
779 1321 846 1370 ut
893 1329 1096 1371 rursus
1141 1319 1302 1370 esset
1328 1311 1610 1383 -vendita,
1652 1320 1715 1372 et
1760 1319 2033 1388 ageretur
2058 1311 2271 1372 iterum
2299 1332 2407 1390 pro
2433 1333 2622 1374 nova:

431 1425 656 1486 proque
683 1427 758 1467 ea
790 1408 1063 1488 pretium,
1106 1407 1269 1486 quod
1299 1407 1442 1466 nulli
1474 1417 1611 1468 ante
1641 1407 1829 1487 ipsam
1860 1407 2149 1466 Fabulam
2174 1408 2444 1487 contigit,
2486 1421 2624 1470 octo

429 1503 686 1564 millibus
717 1503 1048 1564 sestertium
1093 1512 1469 1562 numerarent
1511 1501 1736 1562 Postea.
1822 1501 2175 1562 Proverbia¹
2228 1502 2418 1564 multa
2460 1522 2623 1582 saepe

429 1600 827 1676 pronuntiata,
868 1608 930 1660 et
971 1599 1205 1659 cantica
1249 1617 1412 1678 soepe
1438 1598 1681 1657 mutatis
1708 1596 1899 1657 modis
1926 1597 2185 1658 exhibita
2229 1607 2390 1660 sunt.
2470 1599 2623 1675 Προ-

429 1695 654 1754 τατικὸν
675 1697 972 1772 πρόσωπον
998 1703 1291 1772 nusquam
1319 1693 1533 1752 habet:
1577 1692 1685 1752 sed
1716 1693 1839 1752 suis
1868 1701 2097 1752 tantum
2124 1695 2391 1773 personis
2418 1696 2620 1755 utitur.

429 1790 500 1849 Iu
527 1789 643 1851 hac⁴
665 1790 972 1851 Terentius
1002 1788 1260 1850 delectat
1285 1789 1515 1848 facetiis
1539 1807 1556 1846 z
1597 1787 1845 1868 prodest
1883 1788 2165 1869 exemplis
2192 1809 2208 1848 z
2252 1799 2315 1850 et
2340 1791 2484 1850 vitia
2508 1792 2620 1853 ho-

425 1885 647 1944 minum
671 1885 856 1962 paulo
882 1883 1236 1955 mordacius,
1279 1900 1458 1960 quam
1485 1881 1545 1940 in
1573 1881 1785 1940 ceteris
1814 1883 2025 1961 carpit.
2107 1885 2394 1962 Exempla
2420 1895 2617 1946 autem

425 1997 652 2038 morum
678 1978 777 2038 hic
805 1979 916 2037 tria
943 1977 1242 2057 proecipua
1267 1987 1695 2056 proponuntur,
1724 1977 1934 2037 urbani
1954 1977 2203 2050 scilicet,
2230 1981 2493 2059 parasiti,
2520 1980 2620 2040 et‘⁸

421 2073 706 2135 militaris.
749 2073 900 2133 Hoec
929 2072 1090 2133 edita
1114 2073 1350 2132 tertium
1378 2081 1492 2145 est,
1519 2082 1581 2132 et
1604 2074 2006 2152 pronuntiata,
2025 2073 2362 2134 Tenen-ru
2388 2077 2619 2135 Eunu-

426 2183 640 2228 cnus:
683 2169 902 2250 quippe
934 2168 1060 2248 jam
1106 2169 1311 2228 adulta
1351 2165 1864 2228 commendatione
1904 2167 2129 2240 Poetae,
2176 2189 2247 2228 ac
2278 2170 2497 2230 meritis
2526 2171 2617 2230 in·

422 2262 581 2342 genii
629 2263 952 2325 notioribus
980 2265 1216 2344 populo.
1307 2265 1493 2324 Facta
1521 2273 1719 2324 autem
1748 2282 1819 2322 ex
1846 2261 2077 2323 duabus
2108 2263 2333 2324 Graecis
2361 2284 2485 2326 una
2525 2277 2621 2326 est

421 2359 654 2420 Latina.
735 2359 889 2419 Nam
919 2379 992 2420 ex
1021 2360 1351 2420 Eun-veno
1381 2369 1443 2421 et
1480 2361 1769 2432 Conacn,
1819 2359 2135 2434 Menandri
2180 2359 2444 2433 Fabulis,
2484 2359 2616 2421 haec

424 2453 796 2515 Eunucnus
824 2456 1182 2515 Terentiana
1207 2457 1430 2536 scripta
1457 2466 1572 2528 est,
1614 2474 1736 2516 non
1782 2455 1911 2514 sine
1938 2455 2200 2528 crimine,
2241 2455 2403 2534 quod
2428 2456 2617 2518 multa

417 2549 479 2607 in
505 2549 662 2610 hanc
687 2550 978 2610 translata
1005 2550 1124 2610 sint
1149 2571 1221 2608 ex
1247 2552 1448 2610 multis
1485 2550 1687 2610 Poetis
1734 2549 1994 2611 Latinis:
2038 2551 2201 2630 quod
2250 2560 2462 2625 totum,
2508 2571 2613 2632 per

416 2643 738 2724 Prologum
766 2655 982 2727 purgat
1008 2655 1186 2724 atque
1214 2645 1498 2706 defendit.

741 2813 770 2859 1
809 2808 1042 2874 Legend.
1064 2809 1293 2860 arbitror
1312 2808 1560 2860 Diaei-bia.
1585 2809 1735 2860 Lind.
1844 2815 1878 2862 2
1918 2811 1983 2860 Et
2004 2812 2203 2864 omittit
2225 2811 2289 2862 Ζ.

645 3253 822 3300 Emi
875 3251 1162 3302 DONA'H
1212 3249 1753 3300 ARGUMENTUM
1804 3247 1885 3295 m
1938 3245 2394 3296 ssUNthnuM.

414 3399 613 3449 RAPTA
638 3399 873 3463 quadam
895 3415 962 3450 ex
986 3397 1168 3450 Attica
1199 3399 1345 3462 virgo
1367 3397 1576 3459 nobilis,
1608 3402 1767 3459 utque
1798 3393 2055 3445 abduetn¹
2092 3401 2173 3444 est
2209 3393 2480 3454 Rhodum
2514 3393 2609 3444 ibi·

479 3494 578 3544 qne
601 3481 754 3529 matri
775 3479 985 3529 Thaidis
1007 3479 1298 3530 meretricis
1320 3478 1385 3528 ab
1409 3479 1576 3528 amico
1599 3477 1737 3525 dono
1763 3475 1886 3524 data
1908 3483 2007 3539 est,
2036 3482 2095 3525 et
2125 3474 2351 3525 educata
2371 3475 2516 3524 velut
2534 3488 2614 3522 so·

479 3570 584 3618 ror,
605 3571 708 3606 una
727 3572 844 3606 cum
863 3557 972 3606 fiiis
995 3557 1215 3609 Thaide.
1277 3557 1381 3608 Sed
1404 3557 1579 3620 Thais,
1595 3557 1785 3606 relicta
1814 3564 2000 3620 matre,
2023 3555 2205 3605 Rhodo
2226 3567 2343 3604 cum
2381 3558 2609 3604 amatore

476 3635 694 3700 quodam
719 3635 951 3686 Athenas
973 3650 1029 3686 se
1049 3638 1304 3688 contulit:
1340 3637 1407 3687 ab
1430 3651 1592 3702 eoque
1615 3638 1781 3686 hare·
1804 3636 2046 3685 instituta
2066 3642 2289 3697 mortuo,
2323 3647 2440 3684 mox
2464 3646 2495 3681 a
2517 3635 2609 3682 mi·

476 3716 570 3766 lite
606 3715 868 3764 'imru-ono
909 3715 1224 3778 diligebatur
1261 3718 1433 3768 nimis.
1514 3718 1620 3768 Qui
1658 3731 1777 3766 cum
1817 3715 2037 3766 Athenis
2081 3713 2352 3778 profectus
2390 3721 2610 3762 matrem

474 3795 684 3845 Thaidis
701 3802 956 3844 mortuam
983 3795 1146 3845 Rhodi
1171 3797 1529 3860 comperisset,
1564 3803 1618 3844 et
1652 3811 1768 3844 eam
1806 3795 2073 3858 virginem,
2093 3807 2243 3857 qnam
2268 3791 2507 3854 diximus,
2539 3791 2607 3840 ab

437 3887 448 3908 ³
472 3874 766 3926 heredibus
789 3881 1005 3924 mortuae
1030 3874 1478 3924 animadvertisset
1498 3887 1685 3922 venum
1706 3888 1819 3922 esse
1844 3873 2191 3937 propositam3
2213 3871 2443 3938 quamvis
2466 3871 2607 3933 igna-

473 3971 562 4007 rns
585 3969 758 4006 rernm
796 3954 1040 4014 omnium,
1074 3955 1200 4004 emit
1235 3961 1432 4014 tumen,
1467 3959 1524 4002 et
1560 3952 1699 4003 dono
1736 3961 1918 4005 amate
1955 3953 2137 4004 Thaidi
2169 3953 2313 4003 vexit
2350 3950 2604 4000 Athenas.

475 4037 688 4095 Verum.
727 4043 1000 4102 postquam
1038 4035 1318 4086 adveniens
1357 4035 1568 4085 rivalem
1607 4035 1903 4086 Phoedrhm
1952 4036 2092 4100 apud
2138 4036 2355 4088 unicam
2391 4033 2604 4100 reperit,

1267 4202 1292 4248 1
1331 4195 1548 4247 Adducta
1570 4197 1737 4249 west.
