3234 4934
580 396 712 465 188
1105 411 1171 459 τ.
1221 410 1441 459 nem
1493 406 2251 459 onssnvn‘rluucunae

581 562 652 617 ιιι
675 550 949 615 carminis
977 549 1130 611 ratio
1157 558 1220 611 et
1257 550 1472 611 modus
1501 550 1604 623 rei,
1634 568 1756 629 qua
1804 550 1880 611 de
1928 551 2145 629 agitur,
2193 559 2462 610 naturam
2510 550 2629 611 fere
2657 540 2783 633 ple·

581 666 826 727 rumque
865 646 1217 726 exprimant,
1259 646 1422 725 quod
1451 646 1514 705 in
1555 646 1759 725 primis
1786 646 2225 707 observandum
2252 654 2365 719 est,
2392 656 2457 706 et
2482 646 2602 705 acri
2630 666 2783 726 quo-

585 744 723 805 dam
751 742 978 804 aurium
994 741 1222 821 judicio
1251 741 1738 803 consectandum.
1825 742 1935 801 Est
1962 741 2126 801 aliud
2154 742 2353 814 etiam,
2381 743 2443 799 in
2470 760 2590 821 quo
2616 762 2783 803 max·

583 840 703 899 ima
732 838 958 897 utilitas
987 838 1182 917 posita
1210 846 1342 897 est:
1397 838 1446 896 si
1477 837 1576 915 qui
1605 836 1763 897 enim
1810 838 1959 898 forte
1988 857 2215 898 errores
2262 837 2325 895 in
2368 836 2626 897 carmine
2656 836 2785 899 fue·

584 935 718 1006 rint,
749 933 912 1013 quod
955 946 1237 1012 perquam
1283 932 1456 994 facile
1483 942 1683 1013 potest
1717 933 1967 1006 evenire,
1998 943 2059 993 et
2107 932 2347 993 nimium
2377 951 2538 1012 saepe
2566 934 2782 1006 evenit,

584 1048 687 1089 eos
717 1049 941 1091 errores
971 1028 1410 1109 deprehendere
1453 1030 1647 1109 possit
1674 1048 1871 1103 nern0,
1899 1029 2012 1087 nisi
2058 1029 2161 1108 qui
2189 1048 2461 1089 versuum
2500 1030 2782 1089 rationem

585 1124 820 1185 calleat.
909 1124 1029 1184 Sed
1068 1125 1200 1184 haec
1230 1124 1411 1193 satis3
1481 1144 1673 1203 neque
1724 1123 1881 1185 enim
1927 1124 2044 1183 hoc
2089 1122 2223 1184 loco
2274 1136 2457 1183 artem
2504 1122 2783 1199 metiendi

587 1219 857 1279 carminis
888 1219 1100 1279 docere
1130 1218 1383 1280 decrevi.

667 1314 900 1374 Paucas
955 1314 1134 1394 igitur
1174 1312 1691 1374 observatiuncula
1759 1315 2139 1394 proposuisse
2188 1314 2505 1389 suffecerit,
2547 1336 2683 1397 quse
2728 1324 2789 1375 et

586 1419 765 1470 certae
795 1420 934 1469 sunt
973 1422 1036 1470 et
1077 1411 1423 1489 perspicuae.
1511 1410 1630 1468 Eas
1678 1419 1875 1469 autem
1925 1413 2270 1491 priusquam
2318 1410 2631 1490 ingredior,
2671 1410 2789 1471 hoc

588 1504 748 1578 audi,
776 1504 937 1585 quod
963 1504 1124 1585 apud
1154 1504 1500 1564 Ciceronem
1521 1504 1582 1562 in
1613 1504 1865 1565 Oratore
1890 1504 2164 1566 Perfecto
2188 1506 2467 1584 scriptum
2490 1514 2621 1567 estt
2663 1510 2681 1539 ⁴
2704 1506 2789 1565 At

590 1600 964 1660 comicorum
988 1600 1214 1660 Senarii
1237 1609 1474 1681 propter
1495 1599 1937 1661 similitudinem
1956 1601 2263 1673 sermonis,
2286 1599 2476 1679 (quod
2493 1619 2603 1660 nos
2628 1598 2788 1659 Galli

587 1695 770 1775 vulgo
797 1715 1078 1756 vocamus
1099 1698 1503 1757 conversation
1530 1707 1590 1757 et
1617 1698 1955 1772 eutr-elien)
1983 1698 2067 1756 sic
2086 1716 2246 1776 saepe
2275 1704 2415 1755 sunt
2435 1694 2667 1775 abjecti,
2699 1694 2789 1773 [id

589 1799 703 1863 est,
731 1791 989 1870 neglecti
1019 1799 1080 1850 et
1114 1789 1451 1871 populares,
1501 1799 1581 1861 et,
1619 1800 1689 1849 ut
1731 1789 1928 1851 Graeci
1972 1803 2209 1864 vocant,
2256 1788 2791 1867 ΛΟΓΟΕΙΔΕῙΣ,]

590 1895 658 1945 ιιι
683 1905 1109 1966 nonnunquam
1155 1886 1254 1946 vix
1292 1888 1352 1945 in
1400 1885 1494 1946 his
1523 1906 1803 1947 numerus
1838 1887 1928 1966 [id
1955 1897 2069 1961 est,
2109 1885 2436 1967 rhythmus,
2472 1894 2542 1946 ut
2577 1885 2792 1947 Graece

591 1980 829 2060 dicitur]
867 1992 931 2042 et
955 2002 1160 2043 versus
1207 1983 1295 2063 [id
1323 1993 1434 2055 est,
1466 1983 1783 2061 dimensio]
1836 1983 2041 2043 sentiri
2090 1980 2321 2061 possit!
2401 1980 2586 2041 Vides
2618 1981 2789 2042 Cice-

590 2097 791 2138 ronem
837 2080 1030 2159 ipsum
1083 2080 1272 2153 fateri,
1323 2100 1458 2160 quoe
1505 2080 1725 2140 fatetur
1770 2078 1846 2139 de
1902 2078 2288 2150 dimensione,
2340 2076 2417 2137 de
2470 2075 2787 2157 rhythmo:

589 2186 924 2257 utrumque,
956 2180 1202 2251 scilicet,
1233 2180 1328 2239 vix
1355 2178 1558 2239 sentiri
1587 2196 1789 2258 posse.
1859 2176 2019 2245 Quid
2045 2196 2155 2237 nos
2183 2177 2464 2235 barbaros
2492 2175 2786 2249 homines,

591 2281 653 2332 et
681 2292 718 2333 a
742 2274 1024 2334 felicitate
1069 2294 1139 2335 ac
1180 2273 1452 2336 doctrina
1501 2273 1660 2332 illius
1692 2272 1895 2333 saeculi
1923 2282 2044 2331 tam
2085 2290 2305 2349 magna
2348 2270 2787 2351 intercapedine

594 2366 860 2438 dissitos,
881 2369 1153 2447 judicare
1184 2366 1440 2427 deceat?
1498 2367 1641 2440 Sed,
1689 2366 1853 2445 q‘uod
1891 2366 2118 2439 mirere,
2147 2365 2222 2426 de
2271 2366 2515 2425 senariis
2560 2374 2791 2427 tantum

592 2460 849 2541 loquitur
877 2464 1104 2523 Cicero.
1189 2463 1372 2535 Quid,
1401 2464 1449 2523 si
1477 2463 1552 2523 de
1596 2462 1934 2538 trochaicis,
1975 2461 2052 2523 de
2081 2460 2503 2543 anapaesticis?
2553 2461 2631 2522 de
2660 2463 2791 2522 uni-

593 2576 765 2617 verso
817 2578 1031 2637 genere
1072 2556 1500 2618 iambicorum?
1539 2557 1687 2637 quid
1738 2558 1789 2617 si
1838 2558 1913 2619 de
1954 2557 2245 2618 universis
2296 2560 2790 2638 anapaesticorum

595 2654 797 2713 formis
847 2652 1140 2733 agendum
1189 2654 1302 2734 ipsi
1348 2654 1601 2714 fuisset?
1666 2653 1824 2722 Quid
1873 2653 1949 2713 de
2000 2654 2129 2714 aliis
2173 2655 2507 2733 generibus,
2554 2674 2689 2733 quoe
2730 2655 2792 2713 in

595 2748 944 2809 Graecorum
995 2750 1314 2811 Comoediis
1362 2751 1660 2813 celebrata
1708 2752 1851 2813 olim
1900 2749 2185 2813 fuerunt?
2245 2751 2393 2810 Tum
2422 2768 2559 2813 vero
2598 2751 2791 2828 magis

596 2843 862 2917 dixisset,
897 2851 915 2879 ‘
939 2844 1035 2904 vix
1064 2845 1266 2905 sentiri
1294 2846 1590 2925 possunt!

680 2938 804 2998 Sed
830 2937 907 2999 ad
935 2959 1056 3000 rem
1086 2940 1276 3000 venio.
1347 2940 1447 2999 Sic
1473 2940 1655 3020 igitur
1680 2940 1844 3001 docti
1874 2940 2230 3013 existimant,
2259 2938 2380 2999 duo
2407 2948 2636 2999 tantum
2662 2958 2794 2999 ver·

602 3052 773 3093 suum
803 3052 1021 3112 genera
1049 3052 1182 3094 esse
1207 3033 1367 3113 apud
1395 3035 1755 3106 Terentium,
1781 3036 2065 3097 iambicos
2094 3047 2155 3096 et
2182 3036 2536 3095 trochaicos.
2582 3034 2653 3093 Id
2680 3054 2792 3113 ego

599 3128 656 3187 in
687 3128 1024 3189 universum
1059 3147 1192 3190 esse
1220 3130 1593 3191 verissimum
1624 3130 1767 3189 sci0.
1852 3129 1976 3189 Sed
2004 3128 2147 3209 quid
2180 3128 2259 3189 ad
2285 3128 2397 3189 hos
2426 3148 2625 3191 versus
2653 3132 2790 3190 Act.

601 3242 697 3283 xv.
739 3222 980 3284 Andrioe
1009 3243 1094 3284 sc.
1129 3228 1183 3284 1.
1213 3224 1428 3285 dicas?

762 3366 1031 3427 Hoccine
1060 3367 1338 3429 credibile
1367 3378 1462 3429 est
1487 3377 1593 3428 aut
1617 3368 2010 3440 memorabile,

761 3462 957 3523 Tanta
980 3461 1255 3525 vecordia
1281 3464 1485 3523 innata
1511 3463 1787 3542 cuiquam
1816 3475 1884 3521 ut
1910 3463 2041 3535 siet,

767 3555 850 3616 Ut
877 3557 1046 3619 malis
1078 3558 1337 3638 gaudeat
1365 3560 1592 3633 alienis,
1619 3570 1797 3639 atque
1826 3580 1898 3619 ex
1928 3559 2313 3619 incommodis

767 3652 1026 3715 Alterius
1051 3674 1160 3716 sua
1185 3666 1254 3719 ut
1280 3666 1578 3739 comparet
1605 3656 1950 3716 commoda!
1993 3656 2103 3715 ab!

686 3808 774 3869 Ibi
801 3808 947 3868 nihil
977 3809 1262 3883 Feiirnus,
1301 3810 1390 3871 vir
1433 3812 1494 3870 in
1539 3810 1655 3871 isto
1690 3830 1903 3892 genere
1938 3810 2441 3891 diligentissimus.
2525 3810 2793 3871 Muretus

610 3914 805 3964 autem
854 3904 1010 3963 ultro
1053 3905 1292 3978 fatetur,
1339 3906 1546 3967 horum
1589 3920 1841 3987 quatuor
1868 3927 2139 3968 versuum
2186 3906 2470 3969 rationem
2499 3906 2791 3985 explicare

613 3998 849 4060 difficile
875 4017 1028 4058 esse.
1113 4000 1250 4059 Scio
1278 4000 1422 4078 quid
1453 4002 1794 4075 Goveanus‚
1822 4002 1965 4081 quid
2017 4004 2298 4082 Scaliger,
2326 4000 2468 4082 quid
2512 4000 2792 4061 Erasmus

613 4091 871 4155 dixerint
891 4094 968 4154 ad
994 4095 1154 4157 hunc
1182 4114 1436 4155 versum.
1506 4097 1589 4157 At
1611 4117 1731 4158 non
1762 4110 1855 4159 est
1882 4101 2165 4173 senarius,
2206 4102 2317 4158 dcc.
2360 4097 2623 4157 Arbitror
2658 4116 2793 4161 esse

617 4186 992 4287 Dactylicum
1020 4192 1456 4271 quaternarium
1483 4195 1841 4274 perfectum3
1886 4206 1949 4259 et
1988 4196 2123 4258 talis
2148 4194 2483 4259 necessario
2520 4192 2715 4269 fuerit,
2742 4195 2794 4255 si
