3234 4934
664 383 752 448 34
1115 403 1121 410 ·
1449 398 1814 448 mensurni
1866 399 2066 448 vira.

902 538 1080 609 Quod
1105 537 1191 599 illi
1217 537 1592 602 maledictum
1617 540 1933 600 vehemens
1960 539 2321 616 existimant,

905 637 1052 695 Earn
1078 635 1314 696 laudem
1341 636 1436 695 hic
1464 636 1631 697 ducit
1656 637 1964 697 maximam
1989 657 2005 697 :
2046 658 2181 700 cum
2210 639 2325 701 illis
2352 640 2569 720 placet,

903 732 1021 801 Qui
1044 730 1210 792 vobis
1235 731 1525 792 universis
1554 743 1616 792 et
1644 731 1863 812 populo
1890 731 2161 812 placent:
2236 811 2243 816 .

897 827 1161 896 Quorum
1189 845 1370 907 opera
1397 828 1457 887 in
1486 827 1667 900 bello,
1706 826 1767 886 in
1797 827 1939 899 otio,
1976 829 2036 888 in
2065 830 2324 909 negotiu,

900 925 1022 984 Suo
1049 923 1301 1002 quisque
1327 933 1591 1003 tempore
1619 939 1767 984 usus
1794 933 1886 984 est
1912 924 2041 986 sine
2070 927 2359 1005 superbia.

739 1096 983 1158 Videtur
1009 1105 1205 1157 autem
1235 1116 1299 1157 se
1329 1096 1513 1157 levius
1552 1096 1912 1172 defendisse,
1962 1099 2103 1178 quia
2146 1099 2371 1159 sciebat
2419 1099 2598 1158 Laelio
2626 1112 2687 1160 et
2715 1101 2841 1161 Sci-

657 1192 818 1272 pioni
846 1212 962 1253 non
1000 1191 1292 1272 ingratam
1333 1211 1466 1252 esse
1510 1191 1665 1253 hanc
1713 1193 2081 1272 opinionem:
2125 1213 2259 1273 quae
2307 1203 2504 1254 tamen
2548 1195 2736 1274 magis
2779 1205 2843 1255 et

657 1307 847 1367 usque
865 1285 917 1318 ¹⁰
943 1287 1020 1348 ad
1047 1287 1374 1366 posteriora
1399 1298 1668 1367 tempora
1692 1289 1897 1349 valuit.

741 1383 817 1452 Q.
864 1383 1176 1443 Memmius
1217 1383 1278 1441 in
1326 1383 1610 1443 Oratione
1658 1402 1765 1461 pro
1808 1404 1872 1444 se
1913 1385 2023 1444 ait:
2068 1385 2257 1446 ‘Pub.
2285 1386 2620 1458 Africanus,
2660 1387 2761 1465 qui
2804 1405 2841 1445 a

655 1478 925 1539 Terentio
951 1495 1264 1558 personam
1289 1487 1614 1551 mutuatus,
1644 1497 1779 1558 quae
1808 1478 1967 1539 domi
1995 1479 2219 1540 luserat
2245 1482 2393 1562 ipse,
2422 1483 2656 1552 nomine
2680 1480 2837 1541 illius

654 1575 715 1634 in
744 1593 981 1634 scenam
1026 1572 1279 1635 detulit!
1359 1574 1564 1653 Nepos
1611 1583 1852 1635 auctore
1898 1584 2058 1635 certo
2102 1576 2457 1655 comperisse
2503 1597 2568 1637 se
2618 1577 2719 1649 ait,
2764 1578 2839 1636 C.

655 1669 921 1744 Loelium,
947 1667 1246 1749 quondam
1273 1671 1333 1729 in
1363 1667 1693 1729 Puteolano
1725 1667 1861 1729 Kal.
1892 1669 2122 1730 Martiis
2152 1669 2517 1730 admonitum
2541 1673 2615 1730 ab
2638 1690 2836 1744 uxore,

653 1765 971 1843 temporius
1003 1776 1067 1825 ut
1088 1764 1501 1838 discumberet,
1528 1763 1768 1844 petiisse
1797 1766 1872 1824 ab
1899 1784 1973 1824 ea
1998 1785 2073 1826 ne
2100 1765 2607 1845 interpellaretur:
2652 1767 2837 1827 serius

655 1859 894 1920 tandem
920 1861 1251 1940 ingressum
1277 1859 1588 1921 triclinium
1616 1859 1855 1930 dixisse,
1887 1877 2004 1920 non
2037 1881 2197 1942 soepe
2222 1861 2281 1921 in
2312 1861 2624 1922 scribendo
2644 1861 2834 1941 mag-is

654 1957 1015 2018 successisse
1041 1958 1168 2017 sibi.
1253 1957 1483 2018 Deinde
1522 1967 1793 2036 rogatum
1846 1968 1912 2017 ut
1960 1957 2177 2039 scripta
2220 1957 2323 2017 illa
2368 1959 2673 2037 proferret,
2699 1978 2835 2039 pro·

650 2053 954 2115 nuntiasse
975 2072 1202 2126 versus,
1241 2054 1343 2133 qui
1371 2064 1511 2114 sunt
1535 2052 1598 2112 in
1633 2051 2337 2114 Heautontimorumeno:

811 2215 969 2274 Satis
997 2215 1097 2302 pol
1122 2223 1388 2294 proterve
1413 2233 1508 2274 me
1537 2213 1669 2294 Syri
1696 2214 1985 2294 promissa
2010 2213 2127 2273 hnc
2156 2213 2537 2277 induxerunt.

729 2379 943 2436 Santra
967 2374 1301 2436 Terentium
1323 2375 1638 2448 existimat,
1680 2374 1732 2434 si
1776 2374 1955 2434 modo
1998 2375 2059 2434 in
2107 2374 2416 2435 scribendo
2469 2375 2830 2454 adjutoribus

649 2471 986 2552 indiguerit,
1025 2489 1146 2530 non
1174 2479 1294 2530 tam
1320 2469 1593 2550 Scipione
1622 2479 1685 2530 et
1711 2469 1892 2530 Loelio
1918 2471 2005 2530 uti
2048 2472 2329 2549 potuisse,
2374 2469 2476 2549 qui
2523 2481 2660 2531 tunc
2690 2472 2835 2531 ado·

646 2568 956 2631 lescentuli
997 2567 1180 2640 fuere,
1221 2585 1396 2645 quam
1447 2567 1517 2627 C.
1569 2565 1831 2644 Sulpicio
1877 2565 2073 2643 Gallo,
2121 2565 2357 2626 homine
2397 2564 2594 2638 docte,
2643 2578 2704 2628 et
2730 2569 2831 2648 qui

648 2663 1057 2726 consulatibus
1077 2667 1122 2696 ¹¹
1168 2661 1325 2721 ludis
1351 2661 1575 2720 initium
1604 2660 1806 2721 fecerit
1834 2659 2183 2720 Fabularum
2212 2659 2541 2720 dandarum
2567 2681 2582 2720 :
2626 2661 2722 2722 vel
2751 2660 2828 2732 Q.

651 2761 834 2821 Fabio
863 2761 1158 2830 Labeone,
1185 2766 1246 2817 et
1273 2757 1360 2818 M.
1390 2755 1641 2835 Popilio,
1669 2756 1964 2816 consulari
1991 2765 2260 2834 utroque,
2309 2774 2380 2815 ac
2406 2759 2601 2834 poeta.
2686 2755 2829 2818 Ideo

648 2856 842 2936 ipsum
885 2874 1003 2915 non
1038 2854 1289 2934 juvenes
1327 2851 1700 2931 designasse,
1739 2851 1842 2930 qui
1892 2871 1957 2910 se
2003 2850 2299 2931 adjuvisse
2327 2849 2681 2925 dicerentur,
2724 2851 2832 2912 sed

648 2951 823 3022 viros,
850 2968 1096 3027 quorum
1122 2965 1379 3029 operam,
1406 2958 1467 3007 et
1494 2946 1552 3005 in
1581 2944 1761 3018 bello,
1790 2957 1852 3006 et
1875 2947 1934 3006 in
1965 2947 2107 3021 otio,
2134 2958 2197 3007 et
2221 2946 2279 3006 in
2312 2946 2551 3026 negotio
2579 2947 2834 3027 populus

647 3047 727 3107 sit
751 3054 1045 3125 expertus.
1125 3043 1274 3103 Post
1315 3042 1507 3103 editas
1551 3041 1891 3102 Comoedias
1938 3042 2201 3103 nondum
2232 3042 2499 3120 quintum
2527 3054 2704 3120 atque
2732 3043 2835 3102 tri-

646 3142 934 3221 gesimum
968 3147 1247 3218 egressus·
1287 3157 1530 3208 annum,
1571 3155 1757 3196 causa
1794 3136 2091 3196 evitandae
2139 3137 2459 3216 opinionis,
2504 3139 2646 3216 quia
2671 3138 2835 3200 vide-

645 3238 819 3294 batur
845 3234 1036 3292 aliena
1063 3251 1168 3311 pro
1209 3233 1332 3291 suis
1379 3232 1572 3303 edere,
1615 3250 1721 3291 seu
1770 3231 2127 3310 percipiendi
2174 3232 2517 3292 Groecorum
2568 3233 2838 3295 instituta

648 3348 974 3410 moresque,
1003 3346 1152 3408 quoe
1180 3325 1421 3406 perinde
1448 3327 1793 3412 exprimeret
1822 3325 1881 3386 in
1912 3327 2164 3406 scriptis,
2186 3347 2461 3406 egressus
2484 3330 2687 3390 urbem
2718 3341 2843 3406 est,

647 3444 839 3506 neque
867 3423 1118 3506 amplius
1144 3421 1333 3485 rediit.
1419 3424 1514 3484 De
1541 3432 1728 3485 morte
1757 3422 1887 3502 ejus
1914 3421 2221 3483 Volcatius
2250 3421 2464 3485 tradit:

885 3584 1028 3660 Sed,
1055 3596 1124 3645 ut
1150 3586 1293 3650 Afer
1321 3603 1422 3646 sex
1449 3584 1667 3665 populo
1696 3583 1861 3644 dedit
1888 3583 2247 3656 Comoedias,

884 3681 1004 3740 Iter
1029 3679 1169 3741 binc
1196 3681 1255 3742 in
1282 3680 1486 3740 Asiam
1507 3680 1669 3740 fecit.
1750 3680 1961 3739 Navim
1984 3697 2121 3740 cnm
2149 3679 2330 3740 semel
2351 3679 2403 3710 ¹²

887 3775 1270 3849 Conscendit,
1297 3776 1458 3836 visus
1487 3793 1789 3855 nunquam
1819 3785 1931 3835 est.
2016 3773 2115 3836 Sic
2142 3775 2263 3835 vita
2290 3785 2484 3836 vacat.

709 4001 773 4049 10
806 3997 973 4062 Magia
1001 4003 1050 4048 et
1084 3999 1247 4063 unque]
1277 3996 1446 4060 Volgo
1467 3995 1701 4046 obscure.
1784 3994 2091 4045 consualibus
2108 3997 2263 4046 Mis.-
2296 3993 2386 4045 sed
2408 3993 2577 4044 Faber
2590 3995 2704 4045 vult
2724 3994 2831 4060 legi

645 4071 721 4122 ta.
785 4075 886 4126 Qui
903 4073 1068 4125 edidit
1087 4087 1152 4124 m.
1174 4079 1224 4122 et
1242 4087 1306 4122 ιι.
1323 4085 1484 4136 usque.
1783 4071 2071 4122 cerealibus.
2106 4072 2269 4121 zenn-

712 4155 769 4200 ιι
809 4152 875 4200 Et
897 4145 1330 4214 quimnsuzaribus]
1361 4147 1696 4210 metriasm-
1841 4151 1904 4198 12
1943 4149 2118 4198 Navia·
2144 4161 2249 4197 cam
2282 4145 2443 4210 temet]
2474 4145 2575 4197 Mn.
2600 4143 2833 4196 Danielis

647 4225 891 4276 maribus.
970 4224 1121 4275 Lind.
1179 4225 1420 4276 Muretus
1479 4223 1697 4288 conjicit
1776 4225 1953 4276 Navia
1970 4231 2022 4275 ut
2045 4225 2203 4276 semel.
2242 4223 2391 4276 und.
2680 4253 2687 4258 -
