3234 4934
570 374 663 443 92
1036 387 1393 441 osismus
1436 386 1732 440 namsn
1782 389 2298 442 nissen-tario.

571 546 679 608 tet,
706 533 981 615 proemitti
1018 532 1099 593 sit
1124 552 1391 593 necesse.
1474 534 1753 593 Summus
1781 532 2083 594 Aristoteli
2109 536 2360 595 ambitus
2389 536 2564 595 unius
2595 534 2750 595 Solis

570 644 703 693 est:
742 640 939 709 potest
984 648 1115 689 esse
1144 629 1370 708 aliquot
1394 628 1686 689 horarum.
1773 629 1909 697 Qua
1947 630 2007 688 in
2039 639 2204 707 parte
2233 629 2612 691 admirandus
2645 632 2758 689 So-

568 727 812 808 phocles
840 726 1287 804 Terentiusque.
1372 726 1622 785 Plautus
1657 744 1796 785 vero
1825 744 2038 785 novem
2079 744 2312 786 menses
2341 747 2460 787 uno
2489 726 2756 785 dramate

568 822 907 903 complexus
936 830 1049 883 est.
1120 823 1201 881 Ut
1227 822 1323 882 vix
1350 820 1535 900 major
1556 822 1920 902 ampliorque
1948 822 2278 883 Homericae
2302 822 2546 893 Iliados,
2573 841 2754 902 quam

569 920 1010 1000 Amphitryonis
1058 918 1135 978 sit
1175 918 1473 997 periodus.
1556 917 1890 977 Alcumena
1935 927 2132 978 autem
2175 918 2432 999 concipit
2482 929 2543 977 et
2583 918 2752 997 parit.

570 1016 749 1087 Quod
794 1014 845 1075 si
887 1016 1053 1075 fieret
1099 1015 1337 1092 ubique,
1386 1012 1551 1073 nullo
1597 1014 1861 1093 episodio
1891 1014 2016 1094 jam
2061 1034 2209 1094 opus
2259 1022 2456 1075 esset:
2501 1014 2756 1094 ideoque

567 1132 679 1173 nec
705 1132 800 1173 ars
828 1120 1006 1183 esset,
1036 1111 1289 1171 scribere
1316 1108 1705 1169 Comoediam.
1775 1109 2177 1188 Praeterquam
2213 1109 2374 1189 quod
2405 1109 2482 1170 sit
2507 1112 2756 1172 monstri

567 1210 773 1281 instar,
800 1216 861 1267 et
881 1225 1017 1267 cum
1044 1206 1269 1266 ratione
1294 1223 1363 1265 ac
1388 1214 1600 1264 natura
1626 1213 1870 1283 pugnet,
1914 1217 1980 1265 ut
2010 1226 2146 1284 quoe
2173 1205 2346 1265 simul
2375 1216 2436 1266 et
2462 1207 2759 1286 concipiat-

567 1314 633 1365 et
653 1303 865 1383 pariat.
945 1301 1158 1371 Qualia
1184 1300 1473 1360 nonnulla
1514 1300 1577 1357 in
1625 1301 1908 1378 scriptore
1951 1300 2065 1361 hoc
2115 1321 2376 1362 summus
2408 1302 2754 1364 criticorum

571 1401 775 1459 Caesar
820 1398 1083 1477 Scaliger
1130 1396 1377 1457 notavit.
1486 1396 1685 1474 Atque
1731 1395 1866 1455 haec
1913 1397 2242 1458 vitaverant
2289 1397 2492 1457 Postoe
2541 1398 2758 1473 Graeci,

568 1514 817 1575 quorum
872 1496 1089 1575 scripta
1148 1493 1250 1553 hic
1318 1503 1627 1571 tantopere
1682 1491 2060 1552 commendat
2117 1493 2408 1555 Flaccus:
2477 1494 2756 1556 Technici

570 1592 941 1664 Graecorum,
984 1589 1281 1669 quomodo
1312 1589 1557 1649 vitanda
1602 1597 1809 1649 essent
1853 1606 1924 1647 ac
1971 1588 2258 1659 cavenda,
2309 1608 2470 1669 soepe
2497 1591 2761 1651 inculca-

565 1697 706 1747 runt
731 1686 871 1748 suiS.
952 1685 1203 1746 Plautus
1233 1704 1453 1765 susque
1501 1683 1696 1765 deque
1744 1685 1972 1755 habuit,
2017 1696 2085 1743 ut
2111 1686 2172 1744 in
2201 1684 2482 1764 Captivis.
2567 1687 2760 1754 Quam

564 1782 851 1845 incuriam
875 1782 1067 1843 Poeta
1102 1802 1239 1843 cum
1262 1782 1509 1859 videret,
1550 1784 1855 1845 continere
1897 1801 1964 1844 se
1992 1801 2112 1842 non
2139 1782 2348 1862 potuit,
2377 1782 2518 1862 quin
2559 1782 2760 1843 excla-

567 1889 791 1945 maret:

1448 2012 1573 2072 Vos
1597 2011 1953 2093 exemplaria
1983 2012 2196 2072 Graeca

968 2109 1277 2169 Nocturna
1303 2118 1534 2169 versate
1562 2128 1764 2183 manu,
1792 2121 2021 2169 versate
2048 2108 2298 2168 diurna:

562 2270 773 2321 eontra
846 2262 1269 2343 negligentiam
1337 2282 1576 2323 suorum
1632 2273 1694 2323 et
1757 2262 2044 2323 incuriam
2111 2259 2456 2339 gravissime
2509 2268 2760 2321 taxaret.

568 2356 799 2427 Quidni
818 2358 995 2431 enim,
1022 2359 1123 2436 qui
1151 2357 1265 2419 hoc
1292 2367 1416 2417 tum
1444 2359 1682 2436 agebat,
1710 2356 1870 2436 quod
1897 2365 2036 2417 ante
2059 2376 2192 2417 eum
2220 2354 2616 2416 Aristoteles?
2657 2356 2759 2433 qui

562 2453 783 2532 ubique
833 2454 1170 2533 Euripidem
1200 2464 1262 2514 et
1288 2453 1434 2513 alios
1474 2452 1681 2513 inillis
1731 2452 2134 2532 reprehendit:
2193 2471 2332 2513 nam
2351 2450 2452 2523 ,de
2501 2450 2756 2511 Cornicis

564 2567 701 2625 quoe
728 2549 981 2628 scripsit,
1009 2547 1185 2610 hodie
1212 2568 1333 2609 non
1363 2560 1586 2611 extant.
1671 2549 1855 2610 Porro
1885 2550 2056 2609 simul
2101 2568 2174 2609 ac
2219 2549 2408 2608 Poeta
2444 2548 2758 2609 Actionem

562 2626 1003 2717 habet,'locmn
1053 2664 1288 2725 quoque
1334 2658 1401 2706 ut
1428 2645 1648 2706 actioni
1677 2645 1800 2719 det,
1849 2664 2094 2705 necesse
2137 2653 2252 2716 est,
2292 2644 2436 2721 quia
2467 2644 2594 2703 sine
2623 2644 2754 2703 loco

564 2738 689 2797 fieri
716 2739 798 2798 nil
826 2750 1042 2820 potest.
1112 2740 1232 2801 Hic
1263 2750 1455 2801 autem
1485 2740 1654 2800 locus
1684 2745 1855 2813 σκηνὴ
1882 2738 2157 2819 δράματος
2178 2757 2215 2797 a
2235 2737 2467 2798 Criticis
2493 2749 2756 2805 vocatur,

562 2835 734 2913 cujus
760 2837 938 2896 finem
965 2837 1259 2897 transilire
1282 2837 1471 2899 nefas.
1555 2835 1748 2897 Nemo
1791 2836 1947 2897 enim
1973 2844 2234 2915 tempore
2261 2830 2490 2904 eodem,
2531 2832 2690 2913 quod
2720 2854 2758 2893 a

566 2927 783 2993 Plauto
809 2940 970 2991 recte
997 2932 1230 3005 dicitur,
1268 2931 1409 2992 alibi
1458 2941 1638 3013 atque
1685 2931 1823 2991 alibi
1848 2931 2066 2994 versari
2107 2940 2346 3010 potest:
2391 2932 2506 2991 nisi
2533 2931 2756 3011 aliquid

562 3036 961 3087 monstrosum
1004 3028 1110 3087 fiat
1154 3028 1217 3087 in
1288 3028 1614 3089 Comoedia.
1723 3028 1892 3090 Idem
1932 3039 2152 3102 tamen,
2201 3048 2336 3089 cum
2386 3028 2758 3089 Curculionis

564 3142 805 3185 scenam
854 3123 1138 3203 Epidauri
1174 3124 1495 3204 posuisset,
1546 3124 1798 3184 Romam
1835 3125 2049 3183 transit
2073 3124 2135 3183 in
2177 3124 2405 3196 eadem,
2443 3134 2507 3185 et
2530 3126 2592 3182 iu
2635 3124 2757 3185 Ro-

564 3236 873 3280 manorum
898 3236 1111 3287 mores,
1138 3238 1337 3279 scenoe
1363 3239 1489 3280 suae
1506 3220 1635 3299 jam
1664 3221 1905 3293 oblitus,
1945 3220 2128 3279 libere
2155 3219 2479 3287 invehiturr
2539 3229 2601 3279 et
2626 3219 2758 3298 qui-

564 3314 722 3386 dem,
768 3322 839 3373 ut
863 3312 1087 3392 antiqui
1118 3314 1364 3387 Comici,
1392 3316 1676 3389 tributim,
1713 3316 1799 3375 ita
1823 3325 1891 3375 ut
1934 3324 1996 3376 et
2023 3315 2258 3394 singula
2285 3314 2582 3376 describat
2603 3318 2756 3388 loca,

562 3410 699 3471 Act.
720 3428 812 3470 xv.
876 3410 1073 3469 Scena
1098 3414 1117 3445 ‘
1140 3408 1435 3489 AEdepolss
1504 3411 1541 3469 J
1546 3429 1640 3471 am
1666 3415 1740 3471 τὰ
1763 3414 1950 3487 ἄλογα
1987 3411 2048 3471 in
2071 3410 2310 3472 Fabulis
2332 3430 2510 3490 quam
2529 3410 2755 3472 multa?

560 3496 647 3563 ita
671 3524 841 3577 voco,
871 3524 1005 3586 quoe
1032 3503 1173 3563 nihil
1200 3504 1513 3565 verisimile
1538 3506 1782 3567 habent.
1823 3506 1967 3567 Tale
1987 3514 2100 3578 est,
2131 3505 2420 3567 Sosiclem
2450 3504 2757 3567 Menaech·

564 3620 748 3674 mum,
787 3601 889 3680 qui
932 3599 1158 3663 veniret
1198 3620 1233 3660 e
1279 3600 1502 3674 Sicilia,
1556 3610 1888 3681 surreptum
1939 3601 2080 3661 item
2135 3600 2238 3679 qui
2283 3602 2344 3660 in
2395 3602 2599 3682 Illyria
2627 3604 2754 3682 jam

567 3696 883 3771 habitaret,
908 3696 1137 3772 habitu,
1178 3695 1387 3758 eodem
1414 3706 1698 3779 tempore,
1741 3698 1826 3757 ita
1868 3696 2042 3758 sinuli
2069 3698 2274 3771 fuisse,
2317 3707 2384 3758 ut
2421 3698 2758 3779 dignoscis.

566 3792 999 3873 spectatoribus
1038 3811 1159 3853 non
1208 3802 1489 3871 possent;
1530 3810 1668 3853 cum
1695 3792 1782 3859 nil
1819 3792 2006 3853 simile
2033 3792 2321 3853 haberent
2359 3793 2492 3853 istoe
2521 3802 2752 3872 gentes.

567 3890 749 3961 Quod
772 3890 975 3952 vitium
1001 3909 1077 3950 ne
1106 3909 1145 3951 a
1186 3890 1445 3967 chorago
1492 3889 1731 3968 quidem
1775 3888 2074 3951 emendari
2116 3902 2334 3969 potest.
2413 3890 2567 3949 Nam
2596 3889 2754 3949 Mer-

567 3988 763 4047 curius
796 3985 1214 4067 Amphitryone
1262 3992 1323 4043 et
1368 3983 1599 4063 Jupiter
1648 3983 1750 4043 Dii
1785 3994 1958 4045 sunt:
2015 3983 2232 4064 quibus
2259 3983 2460 4043 omnia
2485 3983 2756 4056 concedi,

565 4082 741 4147 etiam
766 4082 884 4155 hic,
914 4082 1127 4143 solent.
1211 4079 1409 4148 Quare
1452 4080 1748 4141 incurrere
1788 4082 1850 4142 τὸ
1877 4084 2094 4157 ἄλογον
2119 4100 2240 4140 non
2277 4088 2550 4159 possunt.
2637 4078 2752 4137 Ubi

562 4175 721 4239 enim
750 4178 852 4239 Dii
878 4187 1085 4259 agunt,
1112 4187 1311 4239 cessat
1352 4176 1521 4239 ratio.
1604 4178 1854 4247 Quidvis
1885 4179 2042 4242 enim
2083 4196 2260 4259 posse
2287 4196 2412 4251 eos,
2457 4194 2630 4237 nemo
2659 4183 2754 4234 est
