3234 4934
1258 435 1356 482 nn
1401 435 1779 486 ‘rna-xmo.
2525 426 2617 492 63

429 570 610 632 Ludis
646 572 938 634 observari
985 573 1278 645 solebant,
1319 585 1522 636 exacte
1565 587 1787 637 teneat.
1866 578 1959 636 Ita
1986 577 2106 648 flet,
2134 588 2203 637 ut
2230 589 2437 658 postea
2462 581 2609 642 nibil

426 676 638 745 praeter
655 678 968 728 metrorum
996 671 1280 730 rationem
1307 690 1378 731 ac
1401 691 1675 732 versuum
1701 693 2007 732 mensuras
2030 673 2363 734 desiderare
2384 679 2606 756 possit:

425 782 578 840 quas
604 763 871 824 nimirum
898 784 971 824 ex
998 766 1369 841 TerentiauO,
1403 768 1665 828 omnium
1713 770 2053 830 Latinorum
2098 772 2609 849 grammaticorum·
2634 799 2639 802 ·

425 857 772 931 cultissimo,
817 869 880 920 et
917 861 976 920 in
1026 860 1140 921 hac
1187 882 1250 922 re
1292 863 1610 940 plurimum
1653 867 1991 938 exercitato,
2040 865 2345 933 desumere
2390 869 2609 930 licebit.

427 953 540 1012 Hic
567 955 766 1034 itaque
789 955 932 1016 libet
969 955 1428 1018 adolescentulis
1457 961 1742 1020 bonarum
1784 960 2078 1020 literarum
2111 961 2392 1021 studiosis
2421 963 2613 1022 brevia

423 1057 512 1108 ter
537 1068 899 1128 proponere:
944 1052 1214 1130 primum,
1259 1053 1420 1112 unde
1467 1065 1611 1114 nata
1658 1054 1737 1115 sit
1784 1055 2110 1127 Corncedia,
2154 1074 2390 1137 quoque
2432 1069 2611 1136 pacto

424 1155 562 1204 ante
592 1147 1026 1208 Comoediarum
1058 1167 1226 1207 usum
1257 1150 1482 1227 antiqui
1509 1150 1703 1228 politae
1728 1149 2007 1210 luserint:
2049 1149 2266 1211 deinde
2281 1171 2441 1224 vern,
2462 1173 2610 1231 quo-

421 1239 600 1302 modo
629 1241 953 1302 Comoedia:
1001 1242 1100 1320 agi
1147 1260 1218 1302 ac
1263 1243 1626 1322 pronuntiari
1678 1245 1867 1304 solitae
1912 1245 2149 1318 fuerint,
2196 1257 2266 1306 ut
2290 1247 2431 1326 quid
2460 1247 2609 1308 Ludi

422 1335 563 1407 sint,
587 1337 730 1416 quid
782 1338 1056 1409 Theatra,
1105 1339 1337 1410 Scenoe,
1383 1342 1590 1408 ActuS,
1635 1339 1936 1412 Personae,
1986 1353 2049 1401 et
2072 1341 2133 1402 id
2162 1361 2349 1420 genus
2393 1355 2608 1417 cetera,

419 1431 596 1492 facile
637 1431 1020 1510 intelligatur.
1104 1432 1281 1500 Quod
1331 1453 1483 1512 opus
1532 1434 1673 1495 dum
1712 1435 2109 1514 aggredimur,
2158 1437 2388 1498 facilem
2429 1450 2609 1517 atque

422 1536 714 1589 attentum
759 1528 1034 1588 lectorem
1083 1547 1214 1588 esse
1263 1529 1553 1608 cupimus,
1600 1541 1669 1590 ut
1714 1531 1958 1592 tandem
2002 1531 2315 1612 intelligat,
2360 1534 2505 1613 quid
2534 1535 2612 1596 sit

425 1621 669 1695 Fabula,
698 1624 1030 1704 Tragoedia,
1059 1624 1364 1686 Comoedia
1393 1626 1604 1700 Vetus,
1635 1627 1866 1707 Satyra,
1894 1637 1961 1687 et
1981 1629 2155 1690 Nova
2179 1629 2504 1690 Comoedia'.

745 1800 948 1872 Qun)
1015 1800 1355 1877 FABULA,
1419 1801 1891 1878 TRAGOEDIA,
1952 1805 2293 1881 SATYRA,

940 1897 1354 1959 COMOEDIA
1394 1899 1657 1960 VETUS
1701 1901 1802 1960 ET
1844 1902 2091 1965 NovA.

503 2007 730 2067 Fabula
769 2008 1046 2087 generale
1091 2028 1306 2068 nomen
1354 2019 1466 2082 est,
1510 2010 1905 2090 Tragoediam,
1954 2012 2227 2084 Satiram‚
2272 2022 2335 2073 et
2378 2014 2610 2074 Comm-

421 2103 582 2164 diam
611 2105 672 2163 in
699 2123 766 2164 se
787 2103 1211 2183 complectens.
1273 2106 1498 2185 Estque
1522 2107 1751 2168 Fabula
1768 2107 2023 2167 narratio
2042 2107 2317 2186 quaedam
2338 2110 2611 2182 conficta,

421 2208 484 2258 et
507 2198 852 2260 demissiore
880 2199 1226 2280 plerumque
1271 2201 1428 2280 stylo
1477 2219 1552 2261 ae
1595 2201 1865 2263 versibus
1912 2203 2251 2282 conscripta
2298 2201 2377 2262 ad
2402 2203 2613 2264 -oblec-

422 2296 701 2354 tationem
731 2293 1086 2355 auditorum.
1174 2295 1348 2356 Unde
1393 2295 1568 2356 etiam
1601 2296 1887 2356 PoEmata
1933 2297 2087 2356 inter
2115 2297 2373 2358 Fabulas
2402 2317 2439 2357 a
2464 2318 2614 2358 non·

419 2391 598 2451 nullis
627 2400 1165 2452 connumerantur:
1212 2403 1570 2474 quapropter
1597 2391 1954 2472 quibusdam
1996 2392 2157 2453 visus
2188 2403 2282 2453 est
2320 2393 2611 2454 Homerus

420 2486 664 2547 Iliadem
733 2488 922 2549 instar
979 2487 1336 2566 Tragoedise,
1405 2489 1737 2569 odysseam
1796 2488 1876 2549 ad
1915 2489 2232 2570 imaginem
2289 2488 2611 2551 Comoediae

421 2583 865 2664 conscripsisse.

503 2677 818 2758 Tragoedia
843 2691 1042 2740 autem
1073 2678 1298 2738 Fabula
1326 2689 1438 2752 est,
1467 2698 1588 2758 qua
1615 2679 1842 2759 antiqui
1878 2679 2407 2760 reprehendebant,
2448 2680 2613 2760 quod

420 2771 480 2832 in
511 2775 685 2837 rebus
713 2793 831 2834 non
861 2774 1051 2834 solum
1080 2774 1324 2852 privatis
1354 2792 1422 2834 ac
1453 2775 1748 2848 civilibus,
1788 2775 1897 2834 sed
1924 2775 2174 2836 maxime
2218 2775 2419 2835 arduis
2446 2787 2505 2840 et
2534 2775 2614 2834 ad

419 2868 714 2950 principes
763 2871 1144 2930 attinentibus
1189 2869 1384 2930 minus
1425 2880 1661 2930 -rectum
1712 2871 2035 2932 videbatur.
2147 2871 2218 2930 In
2269 2890 2343 2932 ea
2397 2871 2615 2933 scenici

423 2984 683 3037 amurca,
707 2975 766 3025 et
786 2967 900 3026 olei
924 2966 1167 3026 foecibus
1187 2969 1365 3045 (quas
1387 2966 1583 3026 Graeci
1611 2967 1819 3045 τρῦγαε
1840 2968 2082 3040 vocant)
2106 2966 2471 3047 pei-linebant
2490 2985 2613 3036 ora,

423 3069 562 3120 ante
611 3079 782 3120 usum
833 3078 1262 3140 personarum:
1327 3060 1488 3120 unde
1535 3060 1867 3140 Tragoediae
1914 3077 2148 3119 nomeu.
2246 3059 2391 3136 Ejus
2438 3077 2617 3137 grave

425 3165 832 3234 argumentum
879 3155 1010 3229 fuit,
1057 3157 1301 3234 petitum
1351 3175 1514 3237 saepe
1539 3157 1616 3216 ab
1645 3156 1927 3218 historica
1972 3155 2121 3215 fide:
2163 3153 2347 3215 dictio
2392 3173 2613 3226 severa,

426 3251 715 3326 sublimis,
744 3273 904 3332 soepe
933 3252 1192 3312 tumida:
1234 3253 1559 3332 tranquilla
1585 3253 1795 3332 prima,
1824 3252 2017 3312 exitus
2046 3250 2289 3311 funesti.

505 3346 653 3408 Post
699 3347 1072 3428 Tragoediam
1111 3346 1355 3406 inventa
1404 3347 1733 3422 Comoedia,
1779 3367 1917 3426 quae
1944 3348 2133 3408 Vetus
2183 3347 2344 3408 dicta
2382 3359 2512 3409 est:
2552 3350 2615 3413 in

423 3463 544 3524 qua
567 3447 660 3522 (ut
683 3443 742 3503 in
771 3442 1086 3522 Tragoedia
1112 3446 1376 3524 quoque)
1403 3442 1652 3522 simplex
1700 3463 1937 3504 carmen
1977 3444 2124 3504 fuit:
2186 3443 2349 3522 quod
2378 3463 2615 3508 carmen

424 3539 638 3599 chorus
665 3539 824 3600 circa
849 3557 982 3599 aras
1009 3539 1307 3598 fumantes
1338 3558 1497 3598 nunc
1527 3537 1839 3618 spati-atus,
1889 3559 2049 3598 nunc
2079 3538 2383 3604 revolvens
2413 3559 2614 3620 gyros,

425 3652 561 3694 cum
612 3633 850 3694 tibicine
888 3635 1272 3696 concinebat:
1316 3644 1560 3714 eratque
1609 3637 1797 3714 primo
1843 3654 1965 3695 una
1993 3654 2247 3713 persona
2274 3637 2615 3696 cantoribus·

426 3729 768 3801 substituta,
793 3748 949 3807 quse,
977 3732 1342 3810 respondens
1371 3732 1613 3792 alternis
1652 3731 1854 3803 choro,
1900 3731 2300 3811 locupletabat
2325 3732 2615 3789 variabat-

425 3843 546 3903 que
585 3844 708 3886 rem
749 3825 1055 3884 musicam.
1137 3826 1370 3889 Chorus
1421 3837 1616 3888 autem
1667 3827 1727 3886 in
1772 3826 2105 3906 Tragoedia,
2158 3837 2263 3885 aut
2309 3825 2617 3886 Comoedia

427 3920 661 3994 Vetere,
703 3920 1010 3982 dicebatur
1058 3922 1372 3983 multitudo
1409 3941 1743 3984 coaevorum
1774 3923 2081 4001 juvenum,
2110 3932 2215 3982 aut
2240 3921 2526 3981 minorum
2555 3919 2615 3978 in

430 4016 634 4090 sacris,
663 4016 756 4077 vel
785 4035 986 4088 scena,
1013 4020 1381 4078 cantantium
1410 4030 1590 4098 atque
1619 4019 1978 4079 saltantium.

510 4113 650 4174 Fuit
674 4113 864 4175 Vetus
895 4111 1204 4172 Comoedia
1227 4113 1460 4174 Groecis
1486 4113 1743 4174 Archsea
1780 4113 1961 4186 dicta,
1990 4112 2131 4192 quia
2154 4121 2314 4171 esset
2340 4109 2417 4170 de
2444 4111 2614 4170 nobis

429 4225 636 4285 parum
677 4209 932 4288 cognitis
975 4208 1174 4270 vitiis:
1215 4209 1356 4270 item
1400 4209 1578 4270 etiam
1611 4210 1993 4288 Eteonymos,
2032 4206 2175 4286 quia
2200 4207 2424 4268 inesset
2450 4207 2509 4265 in
2542 4225 2614 4265 ea
