3234 4934
591 360 722 425 230
1321 369 1790 421 rasucxscus
1838 370 2048 421 nans

595 516 848 596 generis,
900 532 1034 593 quae
1091 512 1319 574 scilicet
1372 512 1582 573 insitas
1619 514 1926 573 verborum
1952 513 2313 591 quantitates
2344 522 2585 591 augent,
2626 524 2685 573 et
2721 516 2780 574 in

593 611 885 691 prosodiae
912 608 1078 688 leges
1104 618 1374 689 peccant,
1398 617 1467 668 ut
1493 605 1754 687 syllabas
1782 616 1993 667 natura
2008 607 2215 667 breves
2237 606 2601 685 producant;
2643 626 2779 686 quse

595 707 716 765 fere
745 715 887 765 sunt
910 702 1266 784 hujusmodi.

677 799 894 871 Prim0,
941 798 1318 879 synaloephas
1365 797 1569 859 crebro
1615 796 1945 875 negligunt,
1994 805 2056 855 et
2102 796 2389 856 vocalium
2434 816 2782 869 concursus,

599 914 710 954 nec
739 892 1004 954 vocalem
1044 912 1119 953 ne
1144 893 1382 952 brevem
1411 891 1653 971 quidem
1692 889 1942 961 elidunt,
1972 889 2063 949 his
2100 890 2397 970 proecipue
2440 892 2629 959 locis;
2692 913 2787 952 se-

601 998 816 1068 quente
845 987 1241 1068 diphthongo,
1285 998 1421 1047 ante
1448 1005 1719 1068 pausam,
1750 986 1812 1045 in
1836 985 2243 1065 bisegmentis‚
2263 995 2325 1045 et
2348 1006 2485 1047 cum
2512 986 2630 1047 alia
2656 1006 2787 1067 per-

601 1102 751 1143 sona
777 1083 1074 1143 dicentem
1106 1082 1344 1161 excipit.

683 1179 982 1253 Secundo,
1009 1180 1071 1239 in
1099 1179 1438 1261 dissyllabis
1467 1178 1821 1259 quibusdam
1850 1176 2099 1257 priorem
2128 1195 2247 1238 non
2270 1197 2401 1240 raro
2430 1178 2787 1258 producunt,

605 1283 672 1333 ut
699 1274 782 1347 in,
829 1276 906 1349 ei,
947 1275 1048 1347 rei,
1098 1274 1261 1354 spei:
1322 1292 1460 1354 quse
1507 1284 1653 1335 tunc
1697 1274 1717 1333 i
1748 1274 1969 1354 duplici
2016 1273 2192 1334 scribi
2242 1273 2457 1335 solent.
2540 1272 2788 1334 Plautus

605 1370 780 1429 etiam
835 1368 1042 1430 eadem
1091 1369 1329 1431 licentia
1355 1389 1496 1428 usus
1544 1380 1639 1429 est
1688 1368 1771 1441 in,
1821 1378 1980 1440 tuus,
2032 1388 2195 1442 suus,
2236 1388 2393 1442 eum,
2424 1368 2589 1428 Deus
2611 1388 2641 1437 3-
2673 1389 2794 1449 qua

603 1464 844 1525 licentia
894 1463 1056 1524 nulla
1110 1465 1303 1524 minus
1358 1465 1532 1524 venia
1575 1463 1807 1524 videtur
1834 1464 2053 1543 dignm
2116 1484 2420 1545 nunquam
2458 1474 2620 1526 certe
2660 1483 2791 1525 eam

607 1558 878 1620 adhibuit
893 1561 1234 1620 Terentius.

686 1654 902 1723 Tertio,
933 1656 1139 1715 finales
1169 1654 1428 1735 syllabas
1454 1656 1663 1715 breves
1688 1654 1748 1715 in
1778 1654 1987 1733 quavis
2016 1655 2160 1718 sede
2187 1666 2327 1717 ante
2356 1655 2791 1735 diphthongum

609 1748 961 1831 producunt,
1009 1759 1097 1822 ut,
1142 1750 1205 1810 id
1258 1770 1484 1824 aurum,
1535 1749 1641 1809 sed
1686 1768 1943 1828 aequum,
1996 1750 2324 1820 inaudivit3
2367 1770 2478 1812 nec
2508 1770 2626 1811 non
2656 1763 2795 1811 ante

609 1845 874 1906 vocalem
903 1847 1168 1926 quamvis
1211 1846 1272 1905 in
1313 1846 1717 1925 bisegmentis,
1765 1856 1827 1905 et
1852 1845 1908 1906 vi
1935 1866 2220 1914 coesurae:
2266 1845 2326 1906 id
2354 1845 2515 1927 quod
2544 1847 2794 1907 Plautus

612 1960 772 2020 saepe
817 1942 960 2001 fecit
1001 1944 1060 2001 in
1105 1941 1345 2002 vocibus
1392 1940 1723 2021 dactylicis,
1771 1960 1907 2002 cum
1950 1941 2012 2000 in
2038 1940 2229 2002 vocali
2270 1953 2487 2003 exeunt
2514 1950 2795 2021 sequente

614 2056 878 2097 consona
898 2058 915 2107 ;
975 2037 1083 2097 sed
1121 2048 1184 2099 et
1226 2036 1491 2098 vocalem
1533 2040 1769 2100 brevem
1814 2048 2098 2119 sequente
2142 2040 2320 2112 etiam
2345 2038 2539 2100 vocali
2576 2038 2794 2120 saepius

613 2132 892 2211 produxit
917 2135 976 2194 in
1005 2132 1406 2213 bisegmentis.

695 2229 942 2301 Quarto,
971 2248 1031 2287 re
1074 2229 1130 2288 in
1163 2228 1506 2309 compositis
1547 2229 1765 2308 saepius
1806 2228 2144 2307 producunt
2188 2247 2509 2289 consonam
2542 2248 2678 2308 quae
2706 2246 2799 2289 se-

617 2323 813 2401 quitur
843 2324 1220 2403 geminando,
1246 2334 1315 2382 ut
1341 2325 1420 2393 in,
1448 2322 1655 2395 redux,
1684 2321 1923 2395 reduco,
1950 2322 2167 2385 retulit.

701 2416 946 2488 Quinto,
994 2420 1054 2475 in
1083 2415 1466 2497 polysyllabis
1512 2436 1674 2497 saepe
1712 2416 2049 2497 producunt
2087 2415 2632 2496 antepenultimam,
2657 2436 2801 2478 con-

620 2522 710 2573 tra
734 2511 1028 2593 prosodiae
1071 2513 1256 2592 leges,
1305 2512 1443 2571 siin
1472 2531 1602 2572 eam
1642 2513 1821 2575 cadat
1868 2524 2170 2588 accentus,
2222 2525 2290 2575 ut
2315 2511 2399 2587 in,
2427 2514 2802 2589 conventitia‚

617 2607 1070 2681 conductitium,
1099 2608 1467 2688 projectitiae,
1495 2609 1809 2682 emissitiis‚
1860 2618 1921 2669 et
1948 2610 2077 2670 aliis
2119 2611 2181 2670 in
2231 2611 2345 2671 itiis
2374 2609 2803 2671 desinentibus.

623 2703 742 2764 Sed
772 2702 1020 2764 Plautus
1046 2704 1161 2765 hac
1201 2704 1444 2763 licentia
1469 2724 1612 2763 usus
1644 2717 1737 2764 est
1764 2705 1940 2764 etiam
1982 2704 2044 2764 in
2072 2706 2428 2786 dissyllabis,
2457 2725 2593 2765 cum
2622 2704 2803 2765 encli-

621 2800 754 2860 ticae
777 2799 1105 2880 adjectione
1135 2809 1414 2860 accentus
1461 2808 1750 2871 movetur,
1798 2800 2074 2880 aeraque,
2122 2802 2436 2879 Lacteque‚
2484 2799 2541 2858 in
2588 2800 2804 2880 quibus

624 2895 721 2955 vel
743 2896 1038 2956 secundas
1065 2896 1362 2975 produxit,
1390 2894 1506 2967 vel,
1536 2914 1670 2973 que,
1715 2896 1777 2955 in
1827 2896 1977 2956 duas
2024 2896 2283 2977 syllabas
2320 2894 2599 2955 resolvit:
2644 2894 2805 2955 idem

626 2972 804 3052 ‘e'tiam
831 2992 888 3052 in
914 2992 1156 3053 vocibus
1178 2992 1480 3072 quaternis
1501 3001 1605 3052 aut
1619 2992 1815 3071 quinis
1845 2992 2091 3073 syllabis
2108 2991 2515 3053 constantibus
2537 2990 2805 3071 primam,

628 3086 862 3152 brevem
904 3090 1060 3164 licet,
1104 3091 1237 3170 plus
1266 3088 1448 3151 semel
1474 3088 1774 3168 produxit,
1821 3090 1999 3163 utin,
2026 3098 2398 3163 amarentur,
2427 3086 2807 3159 amatoribus,

628 3187 929 3246 amatorie.

710 3281 912 3351 Sexto,
938 3280 958 3339 i
983 3290 1046 3340 et
1072 3300 1110 3339 u
1136 3281 1341 3340 breves
1370 3282 1427 3338 in
1477 3280 1677 3360 primis
1707 3288 1811 3340 aut
1856 3278 2065 3337 mediis
2108 3274 2351 3357 syllabis
2380 3283 2517 3337 ante
2544 3276 2811 3337 vocalem

628 3376 984 3455 producunt,
1009 3387 1076 3435 ut
1101 3376 1181 3447 in,
1209 3377 1358 3447 ierit,
1389 3376 1584 3449 faerit,
1614 3378 1865 3457 pluerat,
1891 3374 2177 3445 audierat,
2203 3372 2489 3433 habuerit.

711 3471 997 3550 Septimo,
1047 3488 1228 3529 unam
1283 3471 1573 3550 syllabam
1619 3471 1679 3529 in
1736 3470 1885 3530 duas
1944 3468 2266 3541 resolvunt,
2305 3466 2396 3528 vel
2452 3466 2811 3529 resolutione

635 3567 1008 3645 diphthongi,
1032 3576 1098 3625 ut
1127 3567 1208 3639 in,
1228 3565 1500 3643 hospitoe,
1526 3565 1759 3639 Cliniae,
1787 3583 1979 3644 aquae,
2006 3564 2101 3624 vel
2126 3563 2147 3624 i
2174 3575 2234 3626 et
2256 3582 2295 3622 u
2322 3582 2615 3623 consonas
2636 3564 2695 3623 in
2711 3584 2814 3625 vo-

630 3662 790 3725 cales
819 3660 1126 3735 mutando,
1155 3672 1224 3722 ut
1246 3662 1332 3735 in,
1357 3662 1494 3735 iam,
1530 3662 1694 3741 quod
1722 3680 1882 3743 soepe
1928 3662 1997 3720 fit
2021 3658 2431 3741 dissyllabum,
2472 3658 2671 3735 larvae,
2696 3660 2812 3721 lar-

630 3770 826 3831 vatus,
852 3757 1086 3830 milvus,
1113 3762 1227 3818 διο.
1274 3778 1409 3837 quae
1449 3758 1695 3820 mutatio
1742 3776 1865 3817 non
1908 3756 2077 3829 dura,
2126 3764 2229 3815 aut
2268 3763 2479 3817 coacta
2504 3755 2814 3830 videbitur,

634 3858 705 3929 si,
733 3876 866 3936 quse
893 3854 1054 3933 prius
1083 3851 1206 3913 dixi
1233 3852 1309 3913 de
1337 3852 1601 3933 legitima
1626 3854 1829 3915 literas
1857 3853 1991 3925 has,
2018 3870 2151 3913 cum
2180 3870 2462 3912 consonas
2490 3861 2652 3925 sunt,
2680 3870 2821 3931 pro-

632 3948 943 4011 nuntiandi
972 3948 1216 4022 ratione,
1263 3946 1322 4007 in
1369 3948 1628 4009 animum
1656 3968 2021 4010 revocemus.
2103 3948 2181 4007 Et
2221 3948 2337 4007 hac
2383 3946 2533 4008 forte
2558 3946 2815 4020 licentia,
2878 3994 2887 4003 .

632 4046 772 4127 quid
800 4055 864 4107 et
889 4064 1004 4127 que
1030 4042 1318 4107 interdum
1349 4044 1563 4103 Plauto
1585 4044 1874 4123 producta
1900 4053 2059 4104 sunt.

716 4143 967 4216 Octavo,
994 4142 1034 4202 h
1061 4160 1343 4203 consonoe
1371 4158 1530 4219 saepe
1567 4141 1681 4199 vim
1710 4140 1909 4212 habet,
1952 4150 2021 4199 ut
2066 4136 2357 4219 syllabam
2396 4138 2633 4199 brevem
2659 4136 2819 4215 posi-
