3234 4934
551 390 682 453 246
1219 396 1604 450 mesenus
1652 398 2080 449 ssurnnms

555 542 809 614 Rursus,
837 543 888 601 si
913 542 987 603 ab
1013 541 1127 603 hoe
1157 539 1449 625 Euripidis
1479 539 1733 613 senario,
1774 540 1875 620 qui
1894 539 2117 619 primus
2145 538 2407 600 omnium
2438 539 2499 599 in
2530 536 2746 599 Oresta

561 638 861 718 [Hecuba]
887 638 1066 710 venit,

959 734 1095 795 Ηκῶ
1124 754 1332 809 νεκρων
1353 732 1647 809 κευθμόνα
1674 751 1766 789 και
1792 728 1988 809 exoro&
2015 732 2217 800 πνλασ,

558 860 773 942 pedem
801 860 1182 921 novissimum
1213 858 1481 928 auferas;
1531 856 1861 938 quinarium
1904 857 2031 936 jam
2076 856 2345 930 habebis,
2392 858 2751 939 perfectissi-

560 977 724 1017 mum
751 956 1020 1017 hodierni
1049 954 1234 1016 nostri
1261 954 1415 1033 epici
1439 952 1775 1033 exemplar:

1114 1084 1250 1145 Ηκῶ
1279 1106 1484 1163 vespam
1516 1082 1529 1165 Ι
1565 1087 1853 1163 κενθμῶνα
1881 1105 1974 1141 και
2003 1080 2215 1141 σκοτού.

589 1160 598 1166 ’
705 1179 956 1259 Though
986 1180 1160 1261 deep,
1186 1190 1284 1261 yet
1305 1180 1484 1254 clear,
1519 1177 1534 1256 Ι
1567 1178 1795 1259 though
1826 1176 2047 1257 gentle,
2074 1186 2175 1257 yet
2198 1184 2305 1236 not
2331 1174 2477 1235 dull.

569 1326 638 1385 In
670 1324 922 1403 Anglico
954 1330 1150 1385 tamen
1178 1324 1296 1386 hoc
1322 1336 1495 1386 notes
1535 1324 1731 1399 velim,
1775 1333 1895 1385 tres
1941 1323 2200 1405 syllabas
2227 1321 2519 1403 positione
2546 1321 2759 1401 longas

567 1418 702 1479 loco
747 1418 1009 1479 brevium
1049 1420 1210 1499 poni.
1295 1417 1416 1480 Eas
1453 1429 1520 1481 tu
1567 1430 1799 1500 postea,
1848 1429 1910 1479 et
1952 1438 2129 1499 quam
2174 1416 2486 1478 Denhamo
2532 1418 2764 1477 veniam

571 1512 874 1586 concedis,
900 1513 1174 1574 Terentio
1223 1533 1427 1595 neges.
1512 1514 2015 1576 Perfectissimum
2057 1524 2249 1574 autem
2296 1512 2597 1593 exemplar
2630 1512 2765 1572 ideo

573 1610 844 1691 appelloz
889 1617 955 1669 ut
981 1611 1173 1689 poetis
1194 1610 1578 1685 nostratibus,
1607 1612 1829 1691 ingenii
1859 1629 2005 1671 sane
2033 1629 2315 1689 venoeque
2343 1608 2631 1681 felicibus,
2658 1606 2765 1669 sed

572 1703 915 1765 eruditionis
960 1705 1257 1767 interdum
1295 1705 1565 1780 modicis,
1610 1707 1754 1787 quid
1801 1706 2069 1767 hodierni
2118 1704 2291 1785 epici,
2345 1724 2465 1784 quo
2511 1704 2767 1765 numeris

575 1801 844 1859 omnibus
894 1801 1200 1863 absolutus
1247 1804 1372 1876 fiat,
1420 1804 1727 1883 rhythmus
1777 1804 2106 1882 geniusque
2155 1800 2265 1860 sibi
2312 1811 2545 1882 poscat,
2582 1801 2770 1861 obiter

579 1895 930 1957 ostendam:
973 1898 1033 1957 in
1062 1897 1327 1959 versibus
1355 1918 1569 1979 nempe
1597 1899 1845 1979 singulis
1888 1908 2007 1958 tres
2040 1895 2300 1977 syllabas
2324 1896 2552 1957 breveS.
2632 1894 2769 1955 Hoc

581 2008 724 2049 sane
752 1990 1156 2053 confitendum
1183 2003 1296 2068 est,
1325 2012 1567 2055 avorum
1588 2005 1876 2075 tempore,
1900 1995 2141 2054 scabros
2162 2010 2521 2073 asperosque
2547 2011 2772 2065 versus,

578 2103 797 2164 magno
824 2084 1136 2167 longarum
1161 2087 1423 2169 pondere
1471 2101 1743 2162 onustos,
1774 2090 2117 2170 plerumque
2162 2090 2415 2149 exiisse:
2457 2087 2774 2149 hodiernos

583 2192 780 2242 autem
807 2186 1015 2261 po'etas
1043 2182 1225 2263 longe
1265 2204 1370 2245 eos
1413 2188 1721 2246 teretiores
1765 2185 2235 2263 tornatioresque
2270 2184 2448 2251 dai-ez
2502 2183 2610 2244 sed
2636 2204 2778 2244 aure

583 2276 853 2349 fortassis
882 2276 1185 2355 magistra,
1231 2298 1351 2339 non
1392 2290 1555 2346 arte:
1597 2298 1735 2357 quoe
1776 2287 1975 2338 tamen
2024 2298 2119 2337 ars
2156 2278 2443 2358 principio
2476 2278 2780 2357 judicibus

585 2372 820 2431 auribus
871 2372 1218 2432 dedebatur.
1303 2372 1545 2432 Habent
1597 2372 1816 2451 itaque,
1860 2372 2021 2451 quod
2070 2372 2129 2432 in
2178 2373 2360 2452 longo
2416 2392 2559 2435 sane
2600 2394 2779 2455 opere

586 2466 805 2525 frustra
856 2467 1308 2544 expectandum,
1369 2466 1431 2527 in
1492 2466 1914 2546 epigrammate
1975 2467 2069 2526 vel
2139 2464 2393 2547 elegiola
2445 2466 2617 2529 facile
2672 2470 2778 2529 ob-

588 2560 916 2633 tinendum,
971 2579 1177 2622 versus
1233 2561 1384 2643 epici
1436 2560 1779 2641 exemplar;
1825 2580 1947 2640 quo
1988 2571 2051 2622 et
2098 2580 2376 2623 numerus
2418 2564 2682 2625 brevium
2721 2574 2782 2624 et

591 2656 767 2717 sedes
796 2655 1205 2717 ostenduntur.
1286 2658 1663 2741 Quanquam·
1686 2658 1748 2716 in
1788 2656 2005 2718 nostris
2051 2668 2143 2719 est
2189 2669 2251 2720 et
2292 2660 2561 2721 varietati
2592 2659 2778 2733 locus,

593 2760 662 2811 ut
687 2753 745 2811 in
775 2751 868 2813 his
893 2772 908 2811 t

757 2880 1011 2961 Though
1039 2878 1212 2961 deep,
1240 2890 1344 2963 yet
1367 2880 1561 2948 clean
1590 2880 1820 2960 though
1848 2878 2069 2961 gentle,
2097 2891 2198 2962 yet
2224 2892 2331 2942 not
2356 2882 2515 2952 dull;

756 2975 976 3057 Strong
1001 2977 1249 3038 without
1276 2996 1440 3057 tage,
1465 2974 1715 3038 without
1738 2978 2093 3058 o’erflowing
2119 2978 2249 3038 full.

601 3112 763 3174 Ictus
791 3114 848 3172 in
879 3114 994 3174 hoc
1020 3115 1364 3194 posteriore,
1393 3113 1495 3194 qui
1521 3116 1582 3173 in
1613 3113 1879 3175 secunda
1907 3114 2135 3193 syllaba
2162 3114 2287 3174 fieri
2314 3116 2485 3187 solet,
2514 3115 2573 3175 in
2601 3119 2787 3195 prima

600 3208 708 3273 fit;
749 3216 811 3267 et
832 3218 1080 3269 venuste
1122 3208 1402 3287 quidem;
1449 3208 1629 3268 modo
1675 3226 1805 3268 raro
1848 3210 1970 3281 flat,
2011 3228 2082 3268 ac
2106 3210 2301 3269 brevis
2328 3220 2628 3288 sequatur.
2713 3213 2793 3273 Et

601 3301 803 3362 nescio
829 3300 1124 3380 equidem,
1153 3321 1230 3363 an
1254 3302 1315 3361 in
1343 3302 1617 3363 Terentio
1650 3320 1907 3380 quoque,
1948 3322 2081 3361 cum
2122 3304 2446 3363 trimetrum
2477 3304 2789 3385 aliquoties

599 3396 841 3457 inchoet
867 3398 964 3469 ab,
1009 3396 1222 3470 hicine,
1260 3396 1493 3471 hocine,
1523 3394 1728 3471 sicine,
1754 3395 1958 3470 libera,
1985 3415 2105 3456 non
2132 3397 2191 3456 in
2218 3398 2463 3477 primam
2490 3401 2792 3461 retrahen-

607 3490 720 3551 dus
749 3493 827 3552 sit
853 3503 1157 3565 accentus,
1199 3490 1402 3566 libera,
1445 3497 1558 3553 διο.
1603 3492 1780 3553 etiarn
1829 3492 1888 3551 in
1938 3492 2225 3562 iambico:
2270 3495 2347 3556 ob
2395 3496 2458 3557 τὸ
2495 3494 2794 3579 ὶσόχρονον

608 3586 835 3647 scilicet
862 3596 923 3648 et
949 3590 1274 3667 ὶσόρῤυθμον
1302 3608 1476 3657 ;cum
1503 3588 1836 3669 rhythmus,
1866 3587 2289 3667 Hephaestione
2308 3600 2484 3664 teste,
2505 3593 2583 3656 sit
2608 3606 2795 3655 metro

607 3682 920 3761 potentior.
997 3683 1139 3755 Tale
1167 3682 1314 3745 illud
1341 3683 1560 3758 Plauti,
1590 3683 1854 3744 Rudent.
1884 3702 1963 3743 11.
1993 3684 2049 3743 6.
2082 3686 2180 3749 29.

933 3815 1204 3882 Piscibus
1232 3821 1293 3880 in
1322 3820 1444 3881 alto
1463 3820 1645 3881 credo
1671 3820 1939 3903 praebent
1961 3822 2240 3901 pabulum
2266 3843 2284 3885 ε

612 3950 736 4025 ubi,
763 3948 1045 4029 piscibus,
1069 3948 1348 4010 libentius
1375 3950 1659 4024 efferrem,
1687 3970 1885 4030 quam,
1908 3949 2190 4031 piscibus.
