3234 4934
948 464 1308 521 nsmnms
1356 464 1648 513 Hsrssu
1699 464 2216 515 mssEn'rA‘rro.
2537 455 2664 520 101

486 606 749 681 eruditis,
778 608 957 667 etiam
981 608 1043 665 in
1072 628 1251 669 scena
1277 609 1509 691 placere
1538 619 1640 669 aut
1666 608 1924 669 debeant
1950 617 2054 668 aut
2079 606 2329 687 possint,
2357 619 2665 671 accuratus

482 722 694 763 censor
720 702 1071 764 Plutarchus
1096 704 1399 784 judicavit.
1478 706 1597 766 Καὶ
1638 710 1751 783 γὰρ
1776 706 1807 763 ὁ
1843 707 1952 785 μὲν
1977 702 2308 764 ἀπαίδευτος
2333 707 2422 763 καὶ
2451 704 2664 778 ἰδιότης

485 797 565 858 οἷς
592 800 795 860 ἐκεῖνος
820 804 983 875 λέγει
1017 802 1333 861 ἁλίσκεται·
1384 803 1415 861 ὁ
1444 798 1510 861 δὲ
1553 800 1995 880 πεπαιδευμένος
2032 798 2391 881 δυσχερανεῖ.
2419 804 2576 877 λέγω
2603 802 2669 861 δὲ

484 900 552 955 τὰ
579 898 859 969 ἀντίθετα,
886 899 978 956 καὶ
1005 898 1371 977 ὁμοιόπτωτα,
1400 901 1490 957 καὶ
1518 902 1955 974 παρονομασίας.
1975 903 2182 959 τούτοις
2200 900 2312 974 γὰρ
2339 898 2370 955 ὁ
2393 898 2503 973 μὲν
2521 902 2668 976 μετὰ

485 1004 583 1051 τοῦ
609 995 970 1069 προσήκοντος
999 996 1177 1070 λόγου
1210 996 1300 1053 καὶ
1348 994 1602 1070 ὀλιγάκις
1628 1002 1850 1073 χρῆται,
1895 993 2219 1070 ἐπιμελείας
2250 996 2395 1051 αὐτὰ
2420 996 2606 1067 ἀξιῶν·
2637 996 2670 1053 ὁ

484 1085 547 1147 δὲ
571 1090 861 1162 πολλάκις,
906 1092 995 1147 καὶ
1024 1092 1120 1149 οὐκ
1147 1094 1423 1168 εὔκαίρως,
1453 1091 1543 1149 καὶ
1595 1090 1838 1169 ψυχρῶς.
1923 1087 2000 1147 Et
2027 1087 2270 1147 adducit
2296 1088 2666 1169 exemplum:

484 1191 552 1242 ut
575 1203 711 1244 cum
739 1182 865 1245 τοῦς
889 1190 1115 1259 ταμίας,
1160 1190 1370 1264 λαμίας
1414 1192 1611 1245 vocat.
1697 1184 1873 1256 Nam,
1922 1204 2054 1264 quae
2081 1183 2178 1243 ille
2209 1183 2284 1244 de
2315 1182 2670 1255 Menandro,

485 1279 562 1338 ad
589 1280 925 1340 Terentium
950 1280 1070 1341 fere
1098 1282 1296 1340 omnia
1322 1281 1523 1341 referri
1548 1289 1840 1360 possunt;
1883 1279 1943 1339 in
1971 1300 2091 1360 quo
2118 1280 2260 1340 nihil
2285 1279 2554 1359 putidum
2577 1289 2672 1339 est

486 1385 587 1435 aut
614 1376 897 1455 ineptum.
980 1376 1333 1455 Quanquam
1359 1376 1563 1451 multa,
1611 1396 1748 1456 quae
1773 1378 2021 1447 notavit,
2053 1378 2248 1457 potius
2275 1373 2521 1455 Antiqui
2551 1375 2670 1435 Co-

483 1470 621 1531 mici
655 1471 922 1544 virtutes,
968 1490 1146 1551 quam
1191 1470 1376 1545 illius,
1419 1472 1496 1533 de
1540 1491 1662 1551 quo
1708 1473 1787 1532 ibi
1824 1472 2136 1552 judicavit,
2183 1472 2330 1533 vitia
2370 1470 2674 1531 censenda

486 1578 644 1629 sunt.
728 1567 1011 1647 Princeps
1062 1566 1217 1629 enim
1264 1568 1415 1629 inter
1462 1568 1599 1629 illos
1645 1568 1778 1640 fuit,
1827 1578 1890 1629 et
1937 1567 2014 1628 ad
2061 1569 2224 1649 leg-es
2269 1586 2372 1628 eas
2399 1566 2576 1646 plane
2604 1586 2670 1629 se

485 1664 856 1745 composuit:
898 1662 1059 1743 quod
1105 1660 1183 1723 de
1230 1662 1446 1725 Plauto
1490 1682 1666 1724 nemo
1694 1662 1872 1725 dicet.
1955 1664 2066 1725 Est
2092 1674 2153 1725 et
2179 1662 2475 1744 frigidum,
2506 1662 2671 1741 quod

482 1761 662 1840 longe
692 1761 767 1819 ab
794 1778 867 1819 eo
896 1760 1087 1835 abest,
1115 1759 1277 1839 quod
1324 1770 1427 1821 aut
1462 1780 1595 1822 esse
1624 1770 1730 1821 aut
1771 1779 1950 1841 posse
1977 1759 2100 1822 fieri
2136 1769 2395 1842 putatur.
2478 1757 2673 1827 Quale

481 1866 595 1929 est,
661 1862 681 1892 ⁴
702 1874 905 1936 pugno
954 1856 1224 1936 frangere
1271 1858 1586 1938 elephanto
1642 1858 1983 1931 brachium,’
2040 1866 2056 1893 ⁶
2082 1857 2310 1918 horiola
2357 1856 2416 1915 in
2453 1854 2670 1915 coelum

482 1951 816 2031 pervenire!
893 1952 1005 2011 Est
1030 1961 1092 2011 et
1136 1952 1433 2033 frigidum,
1476 1973 1611 2013 cum
1649 1953 1736 2013 ita
1773 1974 1811 2013 a
1848 1952 2118 2013 familiari
2165 1972 2432 2013 sermone
2480 1950 2668 2011 oratio

484 2046 731 2121 recedit,
757 2056 827 2106 ut
862 2047 940 2107 ad
985 2066 1157 2107 usum
1198 2048 1449 2129 amplius
1488 2048 1790 2109 transferri
1837 2058 2113 2127 nequeat.
2193 2045 2339 2107 Tale
2387 2056 2480 2107 est
2520 2043 2670 2104 illud

480 2142 737 2204 ibidem:

644 2274 706 2332 Si
737 2281 874 2333 ante
902 2273 1095 2333 lucem
1122 2273 1205 2333 ire
1232 2272 1485 2352 occipias
1514 2292 1550 2333 a
1576 2292 1709 2333 meo
1736 2272 1924 2352 primo
1951 2270 2208 2339 nomine,

645 2369 1015 2430 Concubium
1044 2370 1120 2429 sit
1146 2371 1359 2443 noctis,
1392 2369 1736 2449 priusquam
1765 2368 1845 2429 ad
1871 2377 2229 2448 postremum
2257 2369 2606 2446 perveneris.

485 2495 718 2559 Crescit
741 2506 937 2557 tamen
964 2494 1263 2574 frigidum,
1294 2514 1427 2556 cum
1458 2494 1627 2556 addit
1649 2496 1796 2555 alter
1821 2514 1838 2554 :

647 2627 815 2707 Opus
839 2627 969 2687 face
998 2636 1091 2686 est
1116 2634 1180 2686 et
1200 2623 1417 2686 viatico
1441 2622 1520 2683 ad
1546 2632 1712 2682 tuum
1738 2640 1975 2693 nomen,
1997 2628 2066 2680 ut
2086 2628 2150 2678 tu
2175 2618 2493 2699 praedicas.

485 2768 635 2837 Quae
682 2767 735 2827 si
781 2765 995 2847 pe'dem
1035 2785 1219 2825 unum
1266 2773 1435 2824 extra
1479 2781 1720 2822 scenam
1777 2761 1953 2835 feras,
2010 2759 2279 2839 protinus
2334 2758 2668 2837 putiscent:

480 2884 673 2945 neque
700 2863 778 2923 ad
806 2882 981 2923 usum
1008 2860 1290 2942 applicari
1314 2870 1613 2940 poterunt.
1678 2856 1893 2925 Qualia
1925 2874 2036 2916 nec
2065 2854 2264 2935 Scipio
2293 2872 2406 2914 nec
2433 2853 2669 2927 Loelius,

481 2962 593 3021 flos
642 2960 982 3029 nobilitatis,
1027 2957 1120 3016 vel
1166 2957 1227 3016 in
1278 2972 1479 3027 scena,
1524 2952 1970 3031 approbassent.
2080 2948 2436 3009 Plutarchus
2491 2959 2672 3020 certe,

484 3065 653 3117 extra
692 3053 1019 3115 liberalium
1066 3051 1324 3111 Theatra
1368 3068 1440 3109 ac
1483 3048 1812 3119 doctorum,
1859 3046 2038 3105 libere
2089 3044 2328 3122 relegat.
2410 3041 2676 3104 Ridiculi

481 3154 639 3213 enim
666 3172 737 3213 ac
769 3150 953 3231 inepti
981 3158 1142 3221 sunt,
1193 3146 1295 3226 qui
1323 3143 1569 3226 plebeiis
1600 3152 1832 3202 tantum
1862 3139 2036 3201 scribi
2065 3137 2432 3200 Comoediam
2469 3137 2672 3198 existi-

480 3259 688 3319 mantz
731 3266 868 3309 cum
894 3264 1016 3307 non
1042 3246 1240 3305 minus
1280 3242 1525 3305 eruditis
1572 3240 1878 3301 scribatur.
1960 3234 2138 3305 Quod
2167 3245 2229 3294 et
2257 3234 2508 3331 Flaccus
2555 3233 2670 3294 sci-

481 3346 601 3415 vit3
643 3347 746 3426 qui
771 3364 893 3406 non
918 3343 1044 3404 sine
1067 3360 1285 3405 causa:

642 3471 939 3547 Creditur,
966 3492 1040 3532 ex
1064 3468 1259 3532 medio
1286 3470 1425 3548 quia
1450 3486 1545 3528 res
1583 3460 1849 3533 arcessit,
1874 3461 2090 3521 habere

646 3568 891 3629 Sudoris
913 3568 1215 3627 minimum
1239 3586 1257 3635 ς
1302 3563 1407 3625 sed
1436 3562 1615 3621 habet
1643 3555 1952 3620 Comoedia
1977 3564 2146 3616 tanto

640 3664 789 3724 Plus
815 3665 1027 3737 oneris,
1054 3670 1279 3742 quanto
1306 3658 1493 3722 veniae
1521 3656 1740 3717 minus.

486 3793 719 3855 Deinde
746 3802 941 3853 autem
970 3791 1166 3852 Plauti
1195 3801 1257 3852 et
1284 3786 1589 3851 Dossenni
1615 3784 1801 3845 utitur
1827 3780 2118 3860 exemplo,
2146 3794 2298 3856 quos
2329 3790 2567 3835 securos
2593 3771 2672 3831 de

472 3888 715 3973 judiciis
743 3887 1051 3948 doctorum
1080 3886 1180 3944 ait.
1268 3884 1346 3943 Et
1371 3883 1501 3943 hoec
1531 3880 1610 3942 ad
1639 3880 1926 3950 divinum,
1952 3885 2021 3936 ut
2036 3875 2162 3955 jam
2193 3870 2336 3943 dixi,
2365 3888 2436 3929 ac
2457 3868 2672 3927 subac-

482 4000 607 4048 tum
636 3988 696 4046 in
723 3986 816 4045 his
846 3982 1200 4061 Principem,
1234 3982 1403 4061 cujus
1446 3996 1559 4038 nec
1593 3974 1881 4057 judicium
1909 3991 2020 4032 nec
2048 3979 2370 4031 ceterorum
2399 3963 2672 4042 ignorare

483 4102 558 4144 ea
581 4089 934 4163 tempestate
980 4078 1194 4159 potuit.
1274 4076 1371 4150 Et,
1420 4076 1591 4155 c'ujus
1626 4070 1912 4152 judicium
1954 4066 2138 4128 vereri
2187 4062 2509 4133 debuisset,
2555 4058 2671 4118 nisi

482 4178 639 4237 idem
668 4177 909 4238 aliorum
934 4174 1165 4235 suisset.
1247 4173 1382 4231 Jam
1408 4170 1511 4231 illa
1538 4166 1874 4248 Epicharmi
1900 4162 2168 4233 imitatio,
2189 4168 2258 4218 ut
2273 4153 2672 4225 festivissima,

485 4274 587 4347 ita,
612 4272 665 4334 si
692 4272 770 4333 sit
798 4272 1093 4352 frequens,
1121 4269 1339 4350 frigore
1366 4285 1486 4329 non
1514 4274 1694 4327 caret.
1779 4263 1931 4331 Quae
1958 4260 2046 4335 fit,
2089 4274 2225 4318 cum
2252 4253 2344 4317 vel
2371 4250 2525 4313 falsa
2561 4267 2671 4329 op-
