3234 4934
598 414 729 484 162
1345 432 1408 480 r.
1455 428 2046 481 AnrnsmNAuus
2090 424 2096 433 ·

597 598 741 639 rem.
825 576 1023 645 Quare
1050 575 1215 635 vobis
1243 574 1517 636 omnibus
1546 575 1678 655 ejus
1706 574 1962 635 nominis
1991 572 2296 648 studiosis,
2341 574 2496 635 inter
2520 594 2670 655 quos
2697 594 2792 638 me

596 692 833 755 quoque
860 690 1003 733 sane
1032 690 1167 732 esse
1194 690 1313 731 non
1342 672 1545 745 nolim,
1590 671 1904 732 commode
1929 672 2321 744 ostendimus,
2371 680 2550 751 atque
2579 691 2794 753 oppor-

594 784 758 843 tune,
786 770 930 849 quid
957 770 1241 850 cujusque
1275 768 1485 849 judicii
1523 769 1932 850 sequeremini.
2019 766 2196 837 Quod
2224 768 2274 827 si
2303 768 2458 847 quis,
2487 779 2556 829 ut
2579 779 2677 829 est
2701 770 2792 829 in-

594 867 833 947 genium
854 865 1209 946 quibusdam
1232 867 1540 926 barbarum
1564 886 1636 926 ac
1658 866 1867 938 ferum,
1887 864 2248 945 pertinacius
2272 864 2538 944 negligat
2563 865 2790 927 foveat-

594 982 711 1043 que
738 964 1035 1043 ignaviam
1062 981 1271 1030 suam:
1314 973 1373 1025 te
1418 961 1628 1023 saltem
1675 962 2002 1023 habeamus
2048 963 2124 1021 ab
2165 960 2458 1021 erroribus
2499 959 2790 1041 ejusmodi

595 1070 992 1140 segregatum.

1238 1391 1319 1458 P.
1372 1386 2138 1455 ANTESIGNANUS

812 1585 1171 1650 ANTONIO,
1199 1584 1654 1649 THEOPHILO,
1688 1586 1778 1635 ET
1807 1584 2093 1638 JOANNI
2122 1586 2387 1641 SARAEIS
2421 1588 2476 1639 S.
2500 1589 2568 1637 D.

1190 1748 1223 1781 Ο
1382 1747 1415 1780 0
1576 1746 1609 1779 C
1771 1749 1804 1782 Ο
1961 1746 1994 1779 0
2153 1750 2188 1784 2

590 1832 853 1893 Vansus
909 1840 1107 1889 autem
1160 1828 1255 1889 hic
1308 1827 1539 1887 iambici
1598 1838 1705 1887 aut
1755 1826 2038 1888 trochaici
2095 1839 2237 1888 sunt
2289 1846 2534 1891 omnes:
2605 1838 2784 1908 atque

588 1930 821 2008 utrique
858 1937 963 1988 aut
1008 1924 1378 1997 monometri,
1424 1936 1529 1984 aut
1555 1923 1809 1997 dimetri,
1860 1933 1966 1985 aut
1985 1924 2250 1999 trimetri,
2295 1936 2403 1985 aut
2427 1925 2784 1986 tetrametri:

587 2034 651 2085 et
677 2045 879 2085 rursus
925 2035 1030 2086 aut
1076 2022 1465 2095 acatalectici,
1514 2032 1618 2082 aut
1666 2022 2019 2097 catalectici,
2061 2034 2165 2084 aut
2207 2022 2783 2105 brachycatalectici,

588 2133 693 2181 aut
725 2120 1263 2202 hypercatalectici.
1347 2120 1589 2179 Iambici
1641 2121 1715 2180 ab
1763 2120 1958 2179 iambo
1987 2120 2162 2200 pede,
2205 2130 2266 2181 et
2291 2120 2571 2181 trochaici
2600 2140 2637 2179 a
2662 2127 2783 2179 tro·

586 2216 754 2277 chaeo
816 2236 1029 2279 nomen
1082 2218 1323 2278 habent.
1436 2216 1678 2277 Iambici
1731 2218 1908 2295 igitur
1961 2227 2123 2289 sunt,
2177 2218 2238 2276 in
2286 2236 2536 2296 quorum
2577 2215 2782 2276 sedem

586 2314 844 2392 aliquam
870 2314 1121 2386 iambus,
1150 2324 1254 2375 aut
1281 2314 1339 2371 in
1368 2313 1635 2372 ultimam
1661 2330 1766 2391 pro
1796 2313 1991 2373 iambo
2017 2312 2392 2393 pyrrhichius
2419 2310 2780 2391 ingreditur:

582 2409 888 2479 trochaici,
936 2412 996 2469 in
1024 2411 1236 2488 quibus
1283 2407 1457 2467 datur
1499 2407 1762 2467 trochoeo
1789 2407 1980 2468 locus.
2068 2406 2310 2467 Iambici
2337 2408 2459 2468 sive
2495 2408 2782 2469 trochaici

584 2506 933 2564 monometri
960 2515 1105 2565 sunt
1144 2506 1241 2583 qui
1270 2522 1391 2564 una
1434 2522 1732 2577 mensura,
1780 2504 1896 2566 hoc
1923 2513 2035 2579 est,
2079 2502 2332 2583 pedibus
2377 2502 2610 2564 duobus
2637 2524 2780 2566 con-

584 2609 785 2659 stant:
830 2600 1057 2661 dimetri
1100 2602 1203 2681 qui
1232 2601 1521 2662 mensuris
1550 2600 1808 2675 duabus,
1837 2610 1900 2663 et
1925 2586 2177 2682 pedibus
2205 2610 2492 2680 quatuor:
2535 2600 2780 2661 trimetri

583 2696 684 2773 qui
722 2697 1011 2757 mensuris
1058 2698 1267 2769 tribus,
1312 2715 1383 2757 ac
1426 2696 1679 2777 pedibus
1730 2716 1856 2769 sex,
1905 2695 2065 2757 unde
2103 2708 2164 2758 et
2191 2696 2408 2757 senarii
2435 2695 2576 2756 dicti
2606 2707 2777 2756 sunt:

582 2788 903 2850 tetrametri
932 2792 1055 2852 sive
1082 2792 1355 2871 quadrati
1384 2793 1485 2871 qui
1530 2792 1823 2853 mensuris
1851 2804 2124 2871 quatuor,
2173 2802 2310 2853 octo
2336 2810 2475 2853 vero
2503 2790 2778 2871 pedibus,

583 2887 743 2945 unde
792 2898 854 2947 et
891 2890 1177 2949 octonarii
1224 2908 1261 2949 a
1309 2890 1533 2949 Latinis
1576 2890 1986 2949 nominantur.
2092 2890 2470 2961 Monometri,
2527 2886 2778 2961 dimetri,

581 2983 848 3058 trimetri,
878 2994 941 3044 et
972 2986 1311 3059 tetrametri,
1336 2987 1391 3045 in
1424 2986 1640 3065 quibus
1685 2986 1829 3045 nihil
1859 2985 2145 3057 abundat,
2189 3003 2381 3064 neque
2411 2982 2780 3044 desideratur

581 3080 921 3160 quicquam,
970 3083 1336 3144 acatalectici
1366 3094 1822 3163 nuncupantur:
1884 3082 2218 3142 catalectici
2265 3082 2368 3159 qui
2404 3080 2639 3160 syllaba
2659 3100 2782 3140 una

580 3176 899 3247 breviores,
944 3192 1007 3235 et
1032 3178 1588 3257 brachycatalectici
1618 3180 1722 3257 qui
1751 3178 2021 3237 duabus:
2081 3174 2594 3257 hypercatalectici
2639 3195 2776 3235 vero

578 3269 640 3327 in
688 3270 901 3347 quibus
950 3270 1174 3350 aliquid
1219 3273 1537 3333 redundat.
1623 3274 1712 3332 Ex
1753 3274 2016 3334 iambicis
2063 3274 2122 3331 in
2167 3292 2279 3332 usu
2328 3280 2468 3330 sunt
2521 3272 2775 3334 maximo

580 3366 739 3445 apud
766 3366 1103 3426 Terentium
1132 3367 1375 3426 trimetri
1404 3370 1526 3428 sive
1556 3367 1769 3428 senarii
1797 3368 2164 3428 acatalectici
2191 3376 2250 3429 et
2293 3366 2612 3425 tetrametri
2651 3367 2776 3426 sive

580 3462 867 3522 octonarii
892 3472 1014 3521 tum
1048 3462 1414 3523 acatalectici
1442 3474 1567 3523 tum
1596 3464 1967 3524 catalectici:
2011 3464 2072 3521 in
2114 3460 2316 3521 rariori
2367 3458 2598 3519 dimetri
2638 3480 2776 3522 aca-

580 3557 836 3616 talectici
867 3568 928 3616 et
958 3556 1201 3616 trimetri
1240 3557 1593 3618 catalectici.
1681 3559 1731 3617 E
1781 3558 2094 3618 trochaicis
2122 3556 2458 3617 usitatiores
2510 3568 2650 3617 sunt
2687 3566 2774 3618 te·-

579 3654 838 3712 trametri
877 3652 1247 3712 catalectici:
1306 3654 1500 3712 minus
1546 3654 1748 3712 usitati
1792 3652 2025 3713 dimetri
2069 3651 2397 3713 catalectici
2426 3661 2488 3713 et
2529 3654 2774 3713 trimetri

578 3749 717 3809 item
747 3748 1097 3807 catalectici.
1184 3748 1561 3829 Reliquorum
1592 3768 1874 3828 generum
1903 3750 2171 3830 exempla
2191 3768 2312 3809 non
2341 3749 2454 3809 nisi
2477 3751 2775 3810 rarissima

580 3845 739 3924 apud
768 3844 929 3906 hunc
958 3854 1254 3905 auctorem
1284 3845 1677 3906 inveniuntur.
1763 3845 2007 3905 Iambici
2045 3846 2372 3906 trochaeum
2408 3864 2526 3903 non
2556 3844 2770 3915 serunt,

578 3960 771 4019 neque
800 3940 1192 4021 pyrrhichium
1241 3940 1353 3999 nisi
1404 3942 1535 4001 loco
1586 3941 1831 4001 ultimo:
1875 3952 1939 4000 at
1963 3940 2242 4001 trochaici
2269 3960 2463 4021 neque
2491 3938 2768 4013 iambum,

579 4055 769 4114 neque
798 4036 1209 4117 pyrrhichium.
1295 4036 1564 4105 Quatuor
1608 4037 1793 4118 pedes
1829 4037 2364 4118 brachysyllabum‚
2396 4034 2766 4115 spondaeum,

579 4130 901 4210 dactylum,
946 4146 1008 4192 et
1058 4143 1424 4213 anapoestum
1455 4142 1573 4193 tam
1598 4134 1832 4195 iambici
1861 4153 2039 4213 quam
2071 4132 2350 4193 trochaici
2388 4133 2592 4211 quavis
2623 4131 2767 4193 sede

578 4228 1288 4311 recipiunt‚praeterquam
1308 4228 1575 4288 ultimam
1592 4230 1641 4287 si
1663 4230 2048 4301 acatalectici,
2065 4240 2124 4289 et
2139 4229 2519 4307 penultimam
2537 4228 2586 4287 si
2603 4238 2768 4289 cata·
2864 4260 2876 4273 ·
