3234 4934
856 406 1173 455 Psswirus
1222 410 1319 456 nn
1368 410 1660 458 camna
1709 408 2263 459 communitum.
2527 400 2656 463 103

466 554 839 611 innocentem
868 548 1153 631 syllabam
1182 550 1481 624 damnare,
1528 570 1736 612 vocem
1777 551 1986 613 tollere
2015 552 2156 613 alibi
2181 562 2289 614 aut
2313 556 2650 629 emendare,

466 646 573 708 sed
602 644 823 706 sincere
852 642 929 705 de
954 646 1291 705 auctoribus
1341 665 1411 706 ac
1460 648 1633 707 rebus
1674 638 1986 727 judicare:
2027 647 2190 727 quod
2241 660 2301 708 et
2346 649 2555 711 solidae
2591 665 2654 713 et

466 742 757 803 absolutoe
784 741 1132 802 eruditionis
1156 753 1269 803 est.
1353 743 1509 816 Quo,
1536 743 1595 801 ni
1626 742 1816 815 fallor,
1864 762 2068 803 omnes
2095 744 2444 823 aspiramus.
2533 746 2653 806 Ne·

463 858 579 920 que
604 838 728 899 ulla
754 840 815 898 in
842 858 905 899 re
932 840 1118 919 magis
1144 838 1464 917 antiquitas
1514 840 1745 919 praeivit
1769 841 1956 900 nobis.
2042 840 2133 898 De
2163 840 2518 900 Auctoribus
2549 861 2656 903 au·

461 947 579 998 tem
602 926 878 1007 Coniicis,
908 945 1037 996 uter
1051 934 1261 995 melius
1278 934 1547 1014 judicare
1571 936 1860 1015 potuerit;
1889 936 2014 995 isne
2033 936 2132 1014 qui
2161 947 2340 996 aetate
2367 936 2470 997 illa
2487 938 2650 1012 vixit,

460 1052 580 1113 qua
606 1031 686 1093 ad
712 1052 1005 1093 summum
1030 1032 1263 1092 culmen
1290 1031 1489 1110 poesis
1512 1032 1800 1111 pervenit,
1822 1032 1924 1111 qui
1949 1030 2138 1091 Poeta
2163 1032 2462 1105 Summus,
2493 1053 2653 1095 sum·-

460 1148 591 1188 mus
612 1129 889 1204 Criticus,
916 1127 1275 1190 familiariter
1300 1147 1435 1188 cum
1458 1128 1700 1187 Caesare
1727 1129 1999 1207 Augusto
2027 1147 2101 1188 ac
2130 1127 2462 1189 Maecenate
2493 1132 2650 1202 vixit,

458 1244 777 1305 eorumque
805 1233 983 1305 atque
1008 1224 1257 1284 aliorum
1298 1223 1563 1303 quotidie
1605 1224 1682 1283 de
1725 1223 1818 1283 his
1853 1222 2082 1302 judicia
2125 1224 2386 1293 audistin
2431 1245 2506 1285 an
2549 1227 2651 1303 qui

457 1320 635 1383 hodie
660 1321 871 1383 harum
897 1340 1083 1383 rerum
1111 1321 1289 1403 plane
1313 1321 1563 1402 imperiti
1580 1320 1887 1400 judicant:
1918 1320 2031 1400 ipsi
2061 1319 2327 1381 viderint.

1344 1790 1768 1851 PETITUS

928 1950 1045 2001 nn
1099 1952 1474 2003 onoma
1529 1952 2216 2008 COMOEMARUM-

1176 2094 1391 2163 PUB.
1444 2096 1938 2163 TERENTII.

454 2298 689 2358 Omna
722 2316 841 2356 non
870 2303 1011 2356 sunt
1030 2294 1217 2376 plana
1244 2306 1421 2375 atque
1443 2296 1692 2376 liquida.
1753 2298 2005 2357 Primam
2035 2291 2294 2356 omnium
2318 2298 2646 2372 Auum-An
2707 2373 2718 2383 ‘

450 2412 604 2466 esse,
632 2393 820 2472 liquet
844 2412 919 2452 ex
945 2392 1209 2467 Donato,
1240 2392 1595 2453 Praefatione
1620 2394 1680 2451 in
1706 2392 2025 2452 Andriam:
2069 2399 2086 2426 ‘
2114 2392 2265 2451 Hoec
2292 2392 2482 2471 prima
2509 2402 2647 2451 acta

450 2500 544 2550 est
570 2490 753 2549 Ludis
782 2488 1271 2568 Megalensibus,’
1298 2492 1414 2549 διο.
1496 2490 1820 2549 Suetonius
1861 2488 2239 2568 Tranquillus
2278 2488 2337 2547 in
2366 2487 2506 2548 Vita
2534 2488 2648 2546 Te-

449 2586 653 2646 rentii:
698 2592 718 2620 ‘
745 2585 995 2665 Scripsit
1022 2584 1361 2646 Comoedias
1391 2605 1517 2660 sex,
1560 2604 1634 2645 ex
1677 2587 1894 2665 quibus
1922 2587 2168 2667 primam
2198 2585 2482 2646 Andriam
2507 2602 2644 2645 cum

453 2681 746 2742 AEdilibus
774 2679 984 2741 daret.'
1063 2681 1241 2750 Quod
1269 2692 1330 2742 et
1358 2688 1652 2743 testantur
1679 2682 1741 2741 hi
1765 2700 1969 2743 versus
1998 2682 2058 2741 in
2088 2682 2331 2742 Andriae
2355 2682 2644 2759 Prologo:

694 2829 934 2901 Favete,
962 2828 1168 2887 adeste
1198 2846 1375 2906 aequo
1403 2826 1622 2902 anim0,
1663 2835 1722 2886 et
1749 2845 1871 2885 rem
1898 2826 2261 2905 cognoscite,

694 2924 778 2982 Ut
800 2924 1189 3001 pernoscatis,
1216 2932 1280 2982 et
1310 2922 1453 3001 quid
1482 2922 1607 3001 spei
1636 2922 1715 2981 sit
1740 2921 2066 3000 reliquum:

694 3017 955 3078 Posthac
984 3036 1133 3097 quas
1162 3017 1339 3077 faciet
1365 3016 1440 3075 de
1469 3017 1698 3095 integro
1727 3014 2086 3088 Comoedias,

690 3112 1071 3195 Spectandae,
1100 3132 1175 3174 an
1204 3111 1516 3193 exigendoe
1546 3112 1667 3172 sint
1693 3112 1860 3173 vobis
1889 3113 2072 3193 prius.

450 3246 685 3310 Editam
714 3253 1009 3305 testantur
1044 3262 1182 3304 cum
1233 3242 1614 3316 Didascaliae,
1666 3253 1790 3303 tum
1837 3242 2176 3311 Suetonius,
2222 3238 2307 3299 M.
2339 3237 2646 3313 Marcello,

449 3344 564 3403 Cn.
595 3340 856 3420 Sulpicio
886 3340 1063 3401 Coss.
1090 3338 1206 3400 hoc
1233 3350 1346 3412 est,
1374 3358 1535 3400 anno
1564 3340 1640 3400 ab
1673 3340 1832 3401 Urbe
1861 3337 2120 3399 Condita
2141 3338 2285 3397 588.

532 3440 842 3511 ΗΕοΠιΑ,
872 3436 1055 3497 semel
1082 3446 1263 3517 atque
1290 3437 1499 3498 iterum
1526 3447 1756 3509 exacta,
1783 3436 1958 3497 tertio
1987 3435 2183 3502 stetit:
2219 3433 2378 3494 unde
2405 3432 2648 3504 factum,

451 3543 537 3606 ut,
567 3548 685 3612 quo
712 3534 847 3593 loco
875 3533 1039 3593 edita
1065 3534 1313 3613 primum
1339 3534 1416 3594 sit
1443 3552 1481 3591 a
1505 3533 1804 3606 Terentio,
1831 3538 1952 3592 no'n
1982 3551 2055 3590 ex
2082 3549 2222 3591 vero
2250 3527 2544 3609 proditum
2574 3529 2652 3588 sit

452 3649 491 3689 a
529 3630 792 3702 Donato,
833 3629 1191 3690 Proefatione
1233 3631 1297 3690 in
1343 3629 1501 3690 hanc
1540 3628 1949 3690 Comoediam:
1992 3636 2010 3663 ⁴
2037 3628 2340 3703 Factaque
2385 3635 2446 3684 et
2487 3624 2650 3683 edita

452 3725 657 3805 quinto
682 3724 838 3795 loco,
868 3724 982 3783 Cn.
1014 3724 1265 3787 Octavio
1290 3737 1352 3787 et
1373 3728 1442 3786 Τ.
1469 3727 1700 3788 Manlio
1721 3725 1915 3786 Coss!
1973 3723 2177 3802 Atqui,
2205 3723 2258 3780 si
2278 3722 2440 3780 facta
2459 3718 2648 3778 edita-

452 3840 569 3901 que
596 3828 691 3879 est
715 3817 829 3879 Cn.
867 3818 1137 3892 Octavio,
1164 3820 1236 3881 T.
1263 3822 1494 3881 Manlio
1521 3822 1698 3883 Coss.
1728 3841 1848 3881 non
1877 3822 2054 3901 igitur
2083 3818 2292 3898 quinto
2317 3814 2480 3876 loco:
2513 3832 2649 3872 nam

452 3917 571 3975 Cn.
604 3916 889 3975 Octavius
933 3926 995 3975 et
1034 3915 1103 3976 T.
1150 3918 1412 3979 Manlius
1441 3920 1718 3979 consules
1744 3920 1984 3979 fuerunt
2009 3934 2167 3975 anno
2195 3914 2269 3972 ab
2302 3912 2374 3971 U.
2401 3912 2471 3969 C.
2503 3911 2644 3969 589.

453 4012 613 4090 Ergo
644 4012 804 4071 facta
830 4020 927 4070 est
950 4020 1089 4089 post
1116 4012 1422 4088 Andriam,
1451 4034 1630 4094 quam
1658 4012 1846 4075 edidit
1867 4012 2176 4073 Terentius
2206 4025 2364 4067 anno
2387 4005 2647 4084 proxime

448 4106 840 4186 praecedentiz
879 4107 1126 4186 proinde
1156 4108 1393 4191 Hecyra
1420 4110 1686 4172 secunda
1713 4120 1827 4183 est,
1855 4110 2063 4171 ordine
2094 4104 2472 4175 Fabularum,
2499 4120 2648 4183 quas

452 4205 593 4265 fecit
618 4204 949 4265 Terentius.
