3234 4934
619 403 710 466 64
1449 415 1550 463 nn
1591 417 1693 465 ‘ru
1708 415 1976 466 sarno·

623 557 786 617 velut
808 555 1088 616 historica
1127 556 1276 617 fides
1319 576 1473 617 verae
1525 557 1895 628 narrationis,
1944 564 2003 615 et
2032 557 2352 615 nmninatio
2402 557 2683 626 omnium,
2725 557 2802 615 de

625 653 838 731 quibus
865 651 1244 712 scribebatur.
1327 651 1468 724 Sed,
1497 671 1631 711 cum
1657 653 1851 730 poetae
1896 651 1955 710 in
1986 651 2305 711 Comoediis
2335 653 2497 711 abuti
2533 653 2805 712 licentius

625 748 800 826 stylo,
855 758 918 806 et
969 745 1194 825 passim
1249 746 1462 806 loedere
1517 765 1592 806 ex
1646 746 1889 805 libidine
1956 747 2277 826 coepissent
2344 748 2541 827 plures
2595 750 2807 819 bonos,

623 842 758 922 lege
785 841 926 914 lata,
961 861 1038 902 ne
1065 841 1374 921 quisquam
1415 842 1474 900 in
1505 841 1757 901 alterum
1787 842 2005 902 infame
2022 861 2263 902 carmen
2294 843 2594 914 scriberet,
2639 855 2807 903 tacu-

625 948 817 999 erunt.
2550 999 2557 1006 .

707 1035 920 1114 Satyra
944 1033 1158 1093 exinde
1187 1032 1394 1093 sumsit
1419 1030 1745 1093 exordium.
1818 1033 2041 1110 Estque
2069 1051 2255 1110 genus
2286 1033 2548 1106 Fabulse,
2572 1053 2707 1112 quae
2736 1053 2809 1093 ex

627 1129 876 1208 Satyris,
896 1147 1046 1208 quos
1070 1128 1268 1189 illotos
1287 1137 1350 1186 et
1373 1126 1709 1205 petulantes
1733 1128 1897 1188 Deos
1918 1147 2049 1186 esse
2078 1129 2317 1201 scimus,
2340 1147 2553 1188 nomen
2578 1131 2810 1190 sumsit.

629 1224 768 1283 Fuit
792 1235 985 1285 autem
1013 1222 1322 1303 ejusmodi,
1351 1233 1418 1282 ut
1441 1223 1500 1282 in
1530 1243 1625 1297 ea,
1649 1225 1915 1302 quamvis
1942 1222 2093 1282 duro
2114 1235 2177 1283 et
2196 1225 2411 1304 agresti
2430 1225 2592 1302 joco,
2612 1234 2807 1284 tamen

623 1321 766 1380 vitia
789 1320 1113 1392 hominum,
1143 1319 1269 1379 sine
1297 1319 1420 1378 ullo
1448 1318 1666 1398 proprii
1694 1319 1945 1378 nominis
1976 1319 2169 1392 titulo,
2208 1329 2606 1398 carperentur,
2634 1329 2809 1398 atque

626 1435 730 1494 per
773 1415 1018 1494 scirpos,
1064 1424 1128 1474 et
1175 1415 1513 1492 aenigmata,
1564 1433 1799 1492 magnoe
1842 1433 1935 1473 res
1984 1414 2473 1476 describerentur.
2555 1415 2625 1474 Id
2676 1433 2813 1474 vero

626 1529 814 1588 genus
844 1511 1085 1570 Fabulae
1115 1511 1313 1570 multis
1342 1510 1529 1569 obfuit
1555 1511 1767 1588 poetis,
1793 1529 1927 1570 cum
1950 1509 2012 1568 in
2040 1511 2438 1588 suspicionem
2470 1510 2811 1590 potentibus

627 1605 855 1666 civibus
881 1607 1201 1678 venissent,
1231 1605 1392 1684 quod
1421 1604 1653 1665 illorum
1698 1605 1858 1664 facta
1904 1602 2358 1684 descripsissent
2403 1606 2465 1664 in
2508 1606 2701 1685 pejus,
2740 1623 2813 1666 ac

627 1698 1058 1763 deformassent
1082 1701 1324 1762 Fabuloe
1346 1720 1533 1780 genus
1563 1699 1721 1779 stylo
1749 1701 2043 1760 carminis.

713 1796 863 1858 Post
903 1796 1194 1856 exoletam
1238 1795 1534 1874 satyram·
1557 1795 1861 1855 inventum
1904 1805 1995 1854 est
2040 1814 2076 1854 a
2124 1795 2313 1874 poetis
2358 1795 2517 1856 aliud
2570 1797 2812 1858 Fabulae

629 1911 841 1974 genus,
865 1912 1000 1971 quse
1031 1889 1336 1951 Comoedia
1365 1889 1538 1948 Nova
1563 1889 1726 1948 dicta
1754 1898 1865 1950 est.
1952 1891 2043 1949 Ea
2067 1901 2195 1949 erat
2222 1889 2469 1963 Fabula,
2498 1892 2811 1952 continens

629 1987 943 2067 imaginem
991 1987 1247 2048 civilium
1299 2005 1368 2048 ac
1395 1985 1753 2065 privatarum
1795 2006 2025 2046 rerum:
2088 2005 2209 2065 qua
2260 1985 2619 2058 discebatur,
2668 1989 2813 2067 quid

632 2094 795 2146 esset
815 2084 877 2142 in
903 2081 1026 2141 vita
1050 2081 1216 2154 utile,
1243 2079 1386 2160 quid
1417 2080 1777 2140 evitandum.
1854 2079 2027 2142 Unde
2056 2081 2140 2141 ait
2160 2082 2390 2154 Cicero,
2415 2089 2434 2115 ‘
2452 2083 2813 2148 Comoediam

629 2199 766 2240 esse
807 2177 1190 2238 imitationem
1239 2176 1396 2249 vitae,
1447 2174 1753 2255 speculum
1802 2175 2274 2251 consuetudinis,
2324 2177 2637 2255 imaginem
2665 2181 2815 2239 veri·

627 2271 809 2335 tatis?

710 2369 941 2431 Nomen
969 2369 1150 2428 habet
1175 2363 1501 2440 Comoedia,
1544 2365 1639 2428 vel
1683 2386 1721 2428 a
1766 2365 1976 2440 Como,
2026 2365 2157 2426 Deo
2200 2368 2671 2440 comessationis,
2721 2370 2813 2431 vel

632 2466 708 2526 ab
735 2483 808 2526 eo
835 2463 995 2544 quod
1037 2464 1287 2543 primum
1315 2463 1711 2542 Athenienses
1741 2467 1849 2541 per'
1872 2462 2033 2523 vicos
2060 2461 2258 2522 adbuc
2286 2463 2533 2542 dispersi
2576 2485 2650 2524 ex
2692 2485 2815 2525 om-

629 2561 802 2621 nibus
828 2560 976 2620 locis
1008 2559 1130 2619 loeti
1159 2559 1502 2639 alacresque
1534 2559 2002 2620 conveniebant:
2044 2558 2241 2636 ibique
2267 2558 2511 2620 rudibus
2540 2570 2601 2619 et
2626 2561 2815 2620 incul-

629 2658 703 2718 tis
730 2656 996 2716 versibus
1024 2656 1439 2735 potentiorum,
1480 2655 1845 2733 aliorumque
1888 2654 2027 2712 item
2054 2653 2357 2715 hominum
2385 2655 2524 2714 vitia
2548 2656 2817 2716 nomina·-

628 2750 734 2811 tim
759 2750 1252 2828 perstringebant.
1335 2749 1567 2808 Nomen
1599 2758 1795 2809 autem
1824 2747 2236 2826 compositum,
2264 2751 2377 2809 ἀπὸ
2404 2763 2503 2810 τοῦ
2530 2753 2815 2829 scandiam

629 2848 722 2904 καὶ
747 2843 929 2922 ᾅδειν.
1014 2846 1082 2903 In
1113 2862 1363 2916 summa,
1409 2843 1722 2904 Comoedia
1766 2854 1858 2902 est
1903 2844 2115 2921 poema
2150 2843 2261 2901 sub
2308 2843 2631 2904 imitatione
2682 2847 2813 2906 vitm

629 2958 700 2998 ac
729 2937 1102 3000 similitudine
1127 2940 1539 3019 compositum,
1581 2941 1642 2999 in
1672 2951 1843 3020 gestu
1872 2949 1933 2998 et
1958 2939 2432 3019 pronuntiatione
2460 2941 2814 3003 consistens.

626 3035 699 3094 In
725 3054 798 3095 ea
823 3034 1148 3096 mediocres
1191 3035 1442 3096 fortunae
1470 3036 1796 3108 hominum,
1844 3035 2007 3115 parvi
2037 3036 2310 3113 impetus,
2338 3036 2597 3116 pericula
2622 3041 2815 3118 quoti-

627 3129 828 3202 diana,
853 3131 1196 3190 turbulenta
1218 3130 1522 3208 principia,
1570 3130 1809 3207 loetique
1856 3130 2093 3188 suerunt
2133 3131 2345 3203 exitus,
2393 3142 2455 3190 et
2482 3133 2620 3191 ficta
2646 3153 2817 3212 argu·

628 3233 848 3282 menta.
930 3223 1137 3283 Caruit
1161 3242 1400 3301 quoque
1429 3223 1610 3282 choro
1640 3243 1794 3282 nova
1822 3224 2150 3296 Comoedia,
2178 3237 2385 3284 contra
2405 3246 2581 3304 quam
2606 3228 2817 3300 VetuS,

628 3318 1031 3399 paulatimque
1078 3337 1463 3397 personarum
1517 3338 1763 3379 numero
1817 3319 1877 3378 in
1928 3319 2189 3396 quinque
2247 3321 2435 3380 Actus
2491 3329 2814 3400 processit:

629 3413 791 3492 quod
819 3423 962 3474 tunc
987 3434 1122 3476 cum
1152 3414 1226 3474 ad
1255 3425 1528 3474 cantores
1557 3415 1633 3473 ab
1662 3414 1959 3475 actoribus
1984 3415 2277 3473 transibat
2302 3416 2545 3488 Fabula,
2573 3438 2816 3480 consur-

631 3518 798 3587 geret
821 3520 884 3568 et
907 3509 1094 3570 abiret
1134 3510 1412 3590 populus.
1497 3511 1566 3569 In
1611 3529 1685 3570 ea
1729 3510 1905 3569 etiam
1948 3523 2329 3588 personarum
2376 3523 2619 3574 ornatus
2664 3518 2814 3576 alius

629 3603 906 3664 inventus
933 3616 1044 3678 est,
1065 3604 1267 3685 pallia,
1298 3607 1478 3679 socci,
1508 3616 1569 3666 et
1595 3605 1657 3665 id
1687 3625 1877 3685 genus
1903 3618 2122 3666 cetera.

712 3699 862 3760 Post
888 3699 1119 3760 Novam
1147 3702 1514 3762 Comoediam
1544 3703 1735 3762 Latini
1764 3702 1955 3762 multa
1986 3701 2339 3762 Fabularum
2371 3725 2589 3784 genera
2615 3721 2813 3787 protu-

628 3794 843 3868 lerunt,
891 3815 1026 3877 quae
1069 3808 1269 3858 tamen
1319 3798 1649 3859 Comoedioe
1698 3798 2063 3860 dicebantur.
2144 3797 2403 3878 Togatas
2448 3807 2741 3864 vocabant
2778 3827 2815 3866 a

629 3890 881 3952 scenicis
908 3892 1286 3968 indumentis,
1313 3915 1450 3975 quoe
1481 3896 1812 3956 Romanam
1853 3906 2053 3975 togam
2083 3915 2205 3974 pree
2234 3915 2298 3956 se
2339 3897 2624 3972 ferebant,
2650 3913 2712 3959 et
2738 3905 2812 3961 ab

633 3990 992 4064 argumentis
1041 3989 1302 4057 Latinis;
1366 3990 1757 4052 Praetextatas
1804 4011 1842 4050 a
1868 3992 2158 4070 dignitate
2203 4007 2265 4054 et
2288 3994 2505 4052 vestitu
2534 4014 2813 4072 persona·

633 4099 780 4153 rum,
820 4093 881 4142 et
922 4083 1133 4144 Latina
1170 4084 1452 4170 historia:
1496 4089 1806 4148 Atellanas
1848 4090 1924 4148 ab
1953 4090 2172 4163 Atella,
2218 4090 2507 4150 Oscorum
2556 4092 2809 4164 civitate,

631 4173 735 4233 ubi
763 4175 1015 4240 inventae
1044 4181 1360 4244 dicuntur:
1403 4203 1490 4244 eae
1519 4186 1741 4247 salibus
1768 4204 2104 4267 conspersoe
2132 4197 2319 4260 erant,
2364 4205 2436 4248 ac
2468 4187 2623 4266 jocis
2650 4207 2810 4248 com-
