3234 4934
625 414 755 485 194
971 436 1039 484 τ.
1087 436 1310 485 unm
1357 434 1555 484 oses.
1603 436 1705 485 An
1748 428 2007 485 Maru
2056 437 2445 486 rancura.

627 577 730 635 Sic
755 576 912 635 enim
939 576 1176 637 omnino
1204 578 1524 657 legendum
1553 589 1667 639 est.
1750 578 1841 639 lta
1868 578 2136 651 Plautus,
2164 579 2300 639 med
2326 598 2489 658 erga.

709 672 805 733 Ita
831 672 900 731 fit
925 682 1006 744 et,
1035 671 1163 746 sed,
1191 693 1299 753 pro
1329 692 1428 743 se3
1471 676 1781 734 Terentius
1813 674 1997 736 Andr.
2030 687 2145 736 act.
2176 695 2257 735 xv.
2289 697 2373 736 sc.
2400 680 2457 735 5.
2488 680 2546 734 2.

865 775 883 801 ‘
907 768 1057 836 Quae
1087 769 1196 828 sed
1225 769 1536 829 inhoneste
1565 770 1792 849 optavit
1817 788 2021 849 parere
2048 771 2145 831 hic
2172 771 2453 830 divitias!

703 868 740 925 J
749 886 842 927 AM
874 864 1226 945 disyllabum
1257 876 1367 934 est.
1399 878 1514 926 act.
1549 887 1629 927 11.
1658 886 1745 927 sc.
1779 870 1831 928 1.
1862 869 1959 927 29.

781 969 798 997 ‘
829 964 1056 1039 Profer,
1085 966 1226 1025 dum
1253 962 1591 1043 proficiscar
1619 962 1841 1042 aliquo,
1871 982 1945 1022 ne
1974 961 2199 1023 videam
2226 982 2242 1022 t
2286 963 2425 1022 audi
2454 984 2613 1024 nunc
2654 965 2809 1025 iam.'

621 1060 732 1120 Est
757 1060 1112 1122 trochaicus.
1165 1059 1285 1119 Sed
1310 1058 1421 1118 hoc
1443 1058 1580 1136 plus
1609 1058 1809 1119 decies
1838 1058 1999 1137 apud
2030 1057 2309 1119 Plautum
2336 1059 2622 1120 invenias.
2664 1060 2812 1121 Pro·

617 1156 1008 1217 nuntiandum
1035 1156 1204 1237 quasi
1234 1155 1284 1214 si
1313 1154 1594 1233 scriptum
1624 1165 1806 1227 esset,
1832 1155 2003 1214 Yam.
2756 1176 2767 1183 ·

700 1250 836 1312 Hoc
862 1252 921 1310 in
945 1252 1144 1332 primis
1172 1268 1416 1310 necesse
1438 1258 1534 1307 est
1559 1249 1915 1322 meminisse,
1946 1268 2021 1309 ne
2050 1250 2181 1329 quis
2210 1249 2447 1310 fallatur
2474 1251 2535 1309 in
2564 1252 2809 1311 metien-

619 1346 699 1406 do
727 1348 1001 1421 carmine,
1042 1346 1378 1407 Terentium
1428 1346 1502 1404 ab
1539 1364 1661 1403 uno
1690 1364 1905 1422 genere
1936 1345 2012 1404 ad
2054 1346 2299 1407 alterum
2328 1346 2617 1408 interdum
2648 1358 2807 1407 tran-

615 1442 812 1511 silirez
853 1443 992 1521 quin
1021 1453 1082 1502 et
1107 1441 1438 1501 trochaicos
1467 1440 1731 1512 iambeis,
1771 1449 1833 1498 et
1873 1450 2101 1513 contra,
2146 1441 2233 1501 sic
2275 1442 2690 1517 intermiscere,
2716 1454 2807 1515 ut,

618 1538 842 1617 absque
871 1537 1134 1615 diligenti
1163 1536 1594 1607 observatione,
1624 1535 1685 1594 id
1711 1535 1876 1596 haud
1902 1536 2073 1596 facile
2102 1538 2342 1598 sentias.

698 1634 795 1692 En
805 1654 864 1707 o,
879 1644 948 1693 ut
958 1633 1090 1693 aliae
1105 1631 1377 1711 quaedam
1387 1630 1871 1704 exclamationes,
1883 1630 2341 1710 indignationes,
2357 1634 2415 1692 in
2422 1633 2807 1712 terjectioneS,

615 1728 911 1788 interdum
940 1739 1105 1789 extra
1128 1740 1378 1789 metrum
1408 1738 1748 1801 censentur,
1776 1737 1844 1788 ut
1869 1727 2056 1787 Andr.
2086 1737 2201 1788 act.
2235 1748 2319 1788 ιν.
2341 1748 2425 1788 sc.
2455 1733 2515 1787 4.
2545 1732 2646 1789 27.

777 1830 794 1858 ‘
827 1824 977 1897 Eho,
1006 1845 1080 1885 an
1109 1844 1228 1885 non
1257 1824 1394 1884 est?
1432 1832 1591 1884 recte
1620 1842 1735 1902 ego
1764 1842 1993 1903 semper
2021 1825 2146 1903 fugi
2171 1824 2277 1883 has
2298 1824 2577 1905 nuptias!

617 1919 768 1979 Cum
799 1928 995 1979 autem
1021 1919 1100 1979 sit
1125 1919 1409 1979 iambicus
1439 1918 1727 1991 senarius,
1757 1926 1775 1952 ⁸
1796 1918 1925 1978 Eho
1944 1918 1961 1943 '
1989 1919 2163 1980 debet
2192 1938 2325 1979 esse
2350 1928 2521 1980 extra
2542 1939 2802 1990 versum3

613 2025 674 2077 et
699 2016 760 2075 id
792 2016 985 2077 Groeci
1013 2016 1383 2089 factitabant,
1413 2025 1479 2076 ut
1507 2035 1688 2096 supra
1713 2016 2067 2077 notavimus.

692 2112 999 2174 Postrema
1026 2114 1288 2173 omnium
1313 2112 1648 2173 observatio
1687 2122 1799 2186 est,
1841 2131 2047 2172 omnes
2095 2112 2335 2173 omnino
2386 2112 2643 2174 Fabulae
2692 2115 2805 2174 Te-

611 2211 781 2269 rentii
809 2208 869 2266 in
896 2209 1226 2269 trochaicos
1256 2206 1566 2275 desinere,
1546 2226 1565 2243 ·
1611 2206 1773 2287 quod
1822 2207 1977 2269 idem
2021 2207 2095 2267 de
2140 2207 2414 2267 omnibus
2462 2208 2658 2268 Plauti
2687 2210 2805 2271 Co·

614 2302 847 2363 moediis
875 2322 1074 2363 verum
1103 2322 1234 2363 esse
1279 2301 1427 2361 scio.
1509 2299 1875 2379 Excipienda
1923 2312 2120 2366 tamen
2168 2302 2402 2362 videtur
2448 2302 2803 2379 Pseudolus,

614 2399 782 2479 cujus
809 2408 1138 2477 postremus
1164 2416 1368 2457 versus
1399 2405 1542 2456 est.

775 2493 1011 2573 ‘Atque
1050 2494 1373 2574 approbare
1415 2493 1574 2552 hunc
1626 2511 1885 2572 gregem,
1926 2502 1987 2553 et
2035 2448 2439 2561 fabulam31n
2480 2494 2803 2558 crastinum

893 2609 998 2649 vos
1026 2588 1295 2651 vocabo!

617 2684 734 2746 Sed
771 2684 1053 2745 audacter
1095 2686 1382 2746 affirmare
1425 2685 1647 2765 possim
1677 2684 1955 2745 duobus
1940 2706 2000 2745 m
2028 2686 2176 2748 locis
2204 2706 2437 2750 versum
2462 2709 2643 2748 unum
2672 2709 2802 2750 cor-

613 2790 850 2861 rup-tum
877 2800 1031 2841 esse.
1114 2782 1264 2840 Eum
1293 2781 1380 2841 sic
1405 2781 1608 2860 leges:
1653 2783 1851 2861 Atque
1878 2783 2034 2843 hunc
2072 2786 2401 2863 approbare
2438 2805 2698 2866 gregem,
2744 2794 2803 2845 et

593 2877 868 2954 sabulum
887 2900 910 2945 ,-
950 2880 1014 2937 in
1055 2879 1381 2939 wastinam
1421 2896 1518 2939 vos
1557 2897 1715 2939 voco.
1800 2879 1979 2947 Quod
2008 2879 2187 2939 miror
2215 2898 2252 2939 a
2278 2879 2511 2941 nemine
2538 2881 2805 2943 animad-

611 2991 844 3033 versum
869 2972 1074 3034 fuisse.
1153 2975 1236 3034 At
1280 2975 1454 3045 istuc,
1505 2974 1791 3046 fabulam,
1837 2974 2183 3054 disyllabice
2218 2974 2583 3054 pronuntiari
2606 2976 2802 3049 debet,
2884 3028 2895 3041 .

611 3086 688 3127 ex
715 3070 934 3149 regulis
962 3082 1024 3131 et
1048 3070 1332 3150 exemplis
1377 3070 1641 3151 superius
1688 3069 1921 3151 positis.
2006 3071 2220 3131 Cetera
2265 3071 2417 3130 bene
2459 3071 2801 3150 procedent.

610 3164 682 3221 In
710 3176 972 3227 extremo
1009 3188 1179 3227 versu
1225 3167 1514 3225 Asinarioe
1557 3177 1651 3225 est
1690 3166 1867 3226 etiam
1911 3184 2107 3224 error:
2149 3182 2287 3223 nam
2334 3164 2435 3226 ille
2476 3186 2679 3228 versus
2728 3188 2802 3228 ex

612 3259 936 3321 Trochaioo
981 3262 1245 3341 legitimo
1291 3260 1487 3321 factus
1533 3272 1629 3321 est
1668 3258 2005 3321 octonarius
2052 3258 2300 3319 vitiosus
2348 3258 2580 3321 duobus
2630 3263 2800 3324 locis.

613 3353 715 3414 Sic
739 3353 959 3416 habett

777 3457 794 3485 ‘
826 3450 1047 3511 Remur
1073 3452 1366 3531 impetrari
1392 3471 1590 3531 posse,
1634 3452 1684 3512 si
1713 3450 1981 3531 plausum
2010 3452 2095 3511 sic
2123 3449 2347 3513 clarum
2374 3450 2573 3513 datis!

614 3544 713 3604 Sic
741 3556 938 3607 autem
963 3546 1062 3607 ille
1089 3547 1474 3609 scribendus:

775 3641 998 3703 Remur
1021 3645 1332 3721 impetrari
1349 3662 1540 3723 posce,
1565 3644 1622 3703 ει·
1636 3643 1913 3722 plausum
1940 3644 2167 3704 clarum
2190 3644 2371 3706 datis.
2472 3634 2481 3641 ’

611 3734 831 3807 Ceteri,
857 3737 961 3814 qui
987 3755 1026 3796 a
1047 3736 1245 3817 Grege
1270 3737 1744 3818 pronuntiantur,
1782 3747 1852 3798 et
1894 3737 2054 3799 hunc
2095 3740 2463 3819 praecedunt,
2506 3754 2649 3805 sunt
2672 3763 2799 3805 cer·

609 3830 820 3889 tissimi
848 3831 1175 3894 Trochaici.

533 3924 542 3935 ‘
691 3926 842 3987 Haec
869 3929 1074 4007 paucis
1119 3929 1373 4008 quidem,
1417 3931 1546 4004 sed,
1595 3942 1663 3992 ut
1711 3951 1907 4011 spero,
1956 3952 2031 3993 ea
2058 3935 2203 3994 satis
2228 3934 2446 3995 fuerint
2471 3934 2549 3994 ad
2576 3934 2679 3994 illa
2708 3936 2799 3994 in·

612 4022 936 4102 telligenda
960 4042 1097 4101 quae
1139 4024 1200 4083 in
1243 4026 1456 4085 ceteris
1483 4026 1741 4086 Terentii
1772 4027 2010 4088 Fabulis
2036 4028 2215 4108 paulo
2238 4029 2607 4110 impeditiora
2636 4029 2799 4092 vide-

607 4120 848 4180 buntur.
933 4120 1144 4198 Neque
1185 4139 1323 4180 vero
1350 4122 1492 4182 mihi
1527 4122 1605 4181 ad
1650 4122 2008 4183 credendum
2054 4123 2293 4185 difficile
2338 4136 2450 4198 est,
2490 4145 2627 4204 quoe
2677 4125 2799 4186 dixi

574 4215 811 4285 modo,
853 4234 973 4274 non
1017 4234 1092 4275 ex
1137 4236 1312 4296 aequo
1355 4218 1627 4279 omnibus
1662 4220 1972 4297 probatum
2000 4220 2105 4286 iri:
2150 4219 2258 4280 sed
2284 4219 2363 4282 ad
2386 4238 2492 4281 eos
2519 4240 2797 4300 provoco,

608 4309 709 4388 qui
739 4310 1051 4389 scriptores
1081 4314 1355 4391 antiquos
1383 4316 1534 4377 bene
1563 4334 1634 4375 ac
1662 4315 1977 4395 dilig-enter
2002 4314 2271 4395 legerint.
