3234 4934
632 409 767 475 270
1474 429 1516 475 A
1536 427 1976 476 novumn.

634 569 691 627 in
722 568 1028 630 Comoedia
1069 568 1341 640 Polliam,
1381 579 1603 647 proeter
1620 569 2046 630 invocationem
2074 569 2328 628 sunonis
2360 569 2637 637 Lucium
2681 587 2818 648 quoe

632 677 696 725 et
720 665 852 743 ipsa
878 683 1112 744 quoque
1141 676 1282 744 post
1310 683 1547 725 scenam
1578 665 1700 724 fieri
1731 664 1898 726 solet.

635 854 741 908 tus,
756 845 951 910 puellas
968 846 1207 898 liberales
1224 862 1473 912 nusquam
1492 847 1545 897 in
1565 847 1688 897 Psi·
1770 845 2079 896 Curculione
2127 845 2440 906 Planesium,
2490 845 2540 894 in
2597 845 2820 910 Epidico

633 920 761 970 liuta
792 919 1059 970 Comoedia
1096 922 1267 985 loqui:
1304 923 1524 987 loquitur
1553 923 1687 970 enim
1769 921 1916 986 virgo
1960 923 2050 971 illa
2098 921 2485 985 Stratippoclis,
2521 921 2638 971 aliae
2684 921 2827 970 alibi.

632 997 689 1046 in
748 995 1033 1049 Heautont.
1079 995 1367 1062 Antiphila,
1410 998 1461 1046 in
1508 998 1687 1047 Plauti
1778 1001 1923 1048 West.

896 1440 1073 1489 AELH
1126 1439 1413 1488 DONA'rt
1458 1438 2004 1488 ARGUMENTUM
2052 1437 2134 1486 IN
2183 1435 2565 1486 ANDMAM.

635 1569 911 1620 Cnnssnns
936 1570 1163 1632 Atticus,
1184 1577 1336 1634 pater
1358 1569 1614 1620 Pasibuloe
1639 1577 1696 1619 et
1716 1569 2056 1633 Philumenae,
2079 1583 2196 1618 cum
2217 1583 2282 1619 ex
2312 1571 2392 1618 liis
2429 1569 2626 1618 duabus
2646 1581 2700 1617 se
2724 1567 2824 1619 Pa-

697 1650 917 1701 sibulam
954 1650 1240 1714 perdidisse
1280 1648 1410 1700 falso
1453 1650 1713 1714 crederet,
1750 1651 1982 1701 relictam
2028 1649 2266 1711 Athenis,
2302 1665 2399 1699 nec
2439 1649 2598 1698 visum
2645 1655 2827 1713 postes.

696 1731 858 1781 multo
882 1739 1135 1795 tempore,
1169 1738 1414 1794 tauquam
1449 1731 1650 1780 unicam
1687 1729 1786 1779 sibi
1820 1729 2044 1793 putabat
2079 1728 2472 1780 Philumenam:
2508 1717 2660 1793 quium
2693 1728 2828 1778 Cha-

698 1812 841 1862 rinus
884 1811 1186 1861 adolescens
1221 1809 1553 1861 Atheniensis
1592 1811 1868 1860 adamabat
1903 1811 2072 1874 unice,
2105 1817 2161 1861 et
2197 1809 2294 1859 sibi
2333 1809 2552 1874 petebat
2594 1804 2830 1860 uxorein.

699 1892 802 1941 Sed
841 1899 994 1956 pater
1037 1906 1151 1942 eam
1191 1891 1467 1954 Pamphilo
1502 1891 1708 1942 cuidam
1745 1890 1968 1941 Simonis
2002 1891 2109 1941 filio
2145 1893 2284 1942 ultro
2325 1889 2705 1955 desponderat:
2739 1889 2828 1954 qui

696 1971 1001 2036 Pamphilus
1021 1978 1207 2021 contre
1242 1985 1469 2022 sororem
1502 1972 1789 2035 Chrysidis,
1809 1986 1872 2022 ac
1895 1973 2221 2036 peregrinam
2256 1979 2362 2022 tum
2386 1973 2657 2033 creditam,
2679 1968 2828 2020 Pasi-

701 2051 872 2102 bulam
905 2067 1065 2116 supra
1096 2052 1311 2115 dietam,
1335 2052 1551 2100 alteram
1574 2052 1868 2102 Chremetis
1903 2050 2082 2112 filiam,
2115 2052 2207 2102 sub
2242 2053 2447 2110 nomine
2484 2050 2831 2117 Glycerii,ls-

699 2138 876 2182 tenter
896 2133 971 2182 sic
995 2134 1207 2194 amavit,
1228 2139 1285 2182 nt
1306 2147 1371 2182 ex
1394 2147 1459 2182 ea
1490 2131 1654 2182 filium
1688 2133 2007 2197 suscepisset
2044 2133 2207 2183 inscio
2231 2140 2397 2197 putre.
2461 2134 2582 2186 Qua
2601 2147 2658 2182 re
2681 2129 2830 2181 intel-

698 2213 855 2276 lecta,
879 2220 1168 2263 commotus
1202 2213 1343 2263 Simo
1379 2219 1528 2277 pater
1564 2212 1844 2277 Pamphili,
1866 2212 1988 2262 dum
2010 2225 2106 2276 per
2126 2212 2283 2262 falsus
2303 2213 2512 2277 nuptias
2531 2219 2701 2262 tentat
2724 2210 2832 2261 ani-

700 2306 839 2342 mum
873 2291 1152 2355 Pamphili,
1178 2291 1350 2341 multis
1389 2290 1607 2340 modisa
1636 2292 1784 2340 Davo
1822 2291 1936 2356 ipse
1975 2291 2236 2341 deluditur
2275 2306 2458 2342 servo:
2494 2293 2830 2357 periculoque

700 2372 913 2424 Charini
931 2379 985 2422 et
1006 2372 1264 2437 Pamphili
1287 2378 1454 2421 motus
1480 2385 1627 2422 error
1649 2372 1701 2420 in
1725 2369 1924 2422 Fabula
1944 2386 2107 2436 usqne
2131 2373 2195 2422 ad
2219 2387 2334 2422 eum
2349 2371 2504 2422 finem
2521 2369 2710 2421 duetus
2734 2378 2840 2434 est,

698 2452 819 2502 dum
844 2453 1074 2502 Athenas
1096 2453 1305 2502 veniens
1328 2451 1555 2501 Andrius
1580 2448 1786 2515 quidam
1805 2452 1954 2502 Crito
1978 2465 2084 2502 rem
2117 2453 2339 2516 aperiat,
2362 2461 2418 2502 et
2445 2452 2640 2502 nodum
2659 2451 2832 2502 Fabu-

699 2534 765 2582 1oe
785 2534 986 2590 solvat·
1023 2547 1116 2598 per
1136 2547 1289 2598 quem
1322 2534 1501 2596 agnita
1538 2531 1786 2583 Pasibula
1819 2533 2069 2597 recipitur
2103 2549 2137 2583 a
2165 2533 2492 2598 perentibus,
2516 2539 2569 2582 et
2609 2533 2832 2582 traditur

700 2612 974 2677 Pamphilo
998 2613 1223 2664 amanti.
1259 2614 1565 2664 Philumena
1591 2627 1715 2664 vero
1749 2614 1974 2664 Charino
2005 2613 2375 2679 despondetur,
2395 2621 2452 2664 et
2487 2613 2710 2663 traditur
2742 2626 2831 2662 ex·

701 2693 928 2756 optanti.
992 2693 1283 2758 Perspecto
1308 2699 1634 2758 argumento,
1657 2694 1792 2744 scire
1816 2693 2086 2756 debemus,
2109 2693 2240 2745 hanc
2264 2709 2377 2744 esse
2400 2693 2642 2743 virtutem
2667 2690 2833 2758 poeti-

702 2771 837 2836 eam,
858 2781 919 2823 ut
942 2789 973 2822 a
994 2774 1287 2824 novissimis
1319 2773 1609 2837 argumenti
1631 2773 1785 2822 rebus
1820 2773 2094 2837 incipiens,
2115 2773 2315 2823 initium
2341 2773 2568 2836 Fabulae,
2591 2779 2646 2822 et
2680 2772 2834 2836 origi·

702 2866 819 2902 nem
859 2855 1122 2903 narrative
1165 2852 1352 2902 reddat
1390 2851 1800 2916 spectatoribus.
1835 2859 2200 2917 auctoremque
2236 2859 2546 2916 praeseutem
2581 2852 2676 2902 sibi
2699 2853 2840 2901 exhi-

702 2933 865 2997 beat}
892 2931 981 2983 ubi
1005 2931 1122 2982 finis
1140 2940 1223 2983 est
1244 2933 1483 2984 Fabulae.
1550 2932 1710 2982 Hunc
1732 2934 1868 2984 enim
1891 2931 2113 2984 orbem²
2145 2942 2203 2983 et
2219 2933 2466 2984 circulum
2489 2932 2709 2998 poetica
2733 2933 2835 2982 vir-

704 3012 865 3063 tutis³
902 3027 1007 3063 non
1040 3013 1193 3064 modo
1228 3015 1393 3064 secuti
1414 3023 1536 3064 suut
1555 3014 1764 3078 Tragici
1798 3015 2099 3079 Comieique
2131 3014 2419 3064 Auctores:
2455 3013 2544 3063 sed
2585 3013 2835 3064 Homerus

703 3095 863 3146 etiam
906 3101 963 3145 et
994 3094 1247 3160 Virgilius
1292 3101 1592 3145 tenuerunt.
1661 3095 1978 3146 Divisionem
2027 3095 2250 3146 Actuum
2293 3097 2344 3144 in
2387 3094 2589 3144 Latinis
2629 3091 2837 3143 Fabulis

700 3173 1055 3225 internoscere
1075 3173 1291 3225 difficile
1313 3183 1428 3224 est:
1465 3190 1672 3226 causam
1697 3175 2003 3239 jamdudum
2027 3174 2507 3224 demonstravimus.
2574 3173 2726 3224 Unde
2747 3187 2836 3221 au·

704 3260 831 3314 tem,
853 3259 945 3301 aut
981 3267 1083 3317 quo
1116 3253 1288 3316 modo,
1325 3253 1557 3317 quamvis
1581 3267 1740 3316 aegre,
1779 3261 1950 3304 tamen
1985 3253 2206 3317 intelligi
2245 3253 2597 3319 distinguique
2619 3253 2838 3318 possint,

702 3338 787 3383 est
820 3345 995 3394 operm
1038 3332 1265 3396 pretium
1306 3331 1497 3382 dicere.
1562 3331 1833 3395 Principio
1873 3332 2150 3381 dicendum
2185 3341 2284 3394 est,
2321 3333 2512 3381 nullam
2549 3344 2838 3396 personam,

702 3425 967 3475 egressam
1000 3410 1295 3474 quinquies,
1329 3411 1470 3462 u'itra
1508 3409 1658 3460 exire
1695 3423 1866 3473 posse.
1930 3410 2036 3459 Sed
2075 3411 2167 3459 illa
2205 3425 2262 3460 re
2299 3411 2600 3475 plerumque
2635 3411 2834 3477 decipi-

697 3505 831 3552 mur,
851 3491 988 3557 quod
1024 3503 1317 3555 personam,
1338 3504 1457 3540 eum
1497 3490 1741 3552 tacuerit,
1763 3503 2018 3554 egressam
2055 3487 2191 3538 falso
2223 3495 2463 3553 putamus
2483 3507 2498 3538 ε
2531 3505 2664 3555 que,
2685 3492 2834 3544 nihil·

702 3571 902 3622 ominus
939 3571 993 3620 in
1036 3570 1307 3634 proscenio
1341 3577 1543 3633 tacens,
1575 3568 1819 3633 loquendi
1858 3575 2064 3633 tempus
2101 3575 2367 3633 expectat.
2434 3570 2531 3620 Est
2567 3571 2726 3636 igitur
2761 3578 2839 3623 nt·

705 3657 851 3702 tente
874 3649 1407 3712 animadvertendum,
1438 3649 1526 3698 ubi
1548 3655 1605 3697 et
1643 3648 1851 3713 quando
1883 3662 2040 3698 scena
2078 3663 2236 3700 vacua
2259 3649 2330 3700 sit
2351 3650 2418 3700 ab
2449 3650 2684 3701 omnibus
2718 3666 2836 3716 per-

702 3731 862 3795 sonis,
891 3736 952 3781 ut
980 3730 1033 3779 iu
1067 3745 1131 3780 ea
1167 3729 1366 3786 Chorus
1401 3729 1486 3779 vei
1518 3729 1735 3778 Tibicen
1775 3727 1941 3779 audiri
1980 3729 2148 3795 possit
2167 3746 2183 3779 ι
2215 3730 2356 3795 quod
2385 3745 2504 3781 cum
2538 3731 2835 3794 viderimus,

703 3813 779 3863 ibi
814 3809 1005 3862 Actum
1038 3825 1155 3860 esse
1200 3807 1403 3861 finitum
1438 3809 1686 3860 debemus
1719 3825 2019 3873 agnoscere.
2083 3809 2372 3861 Confundit
2413 3827 2555 3876 saepe
2592 3812 2836 3862 lectorem

702 3893 776 3957 id,
812 3891 949 3957 qnod
985 3905 1207 3955 persons
1240 3891 1295 3940 in
1337 3891 1593 3956 superiori
1631 3905 1791 3941 scens,
1825 3891 2088 3955 desinens,
2117 3900 2176 3941 et
2205 3892 2256 3941 in
2307 3893 2542 3957 proxima
2578 3891 2832 3955 incipieus

701 3973 863 4038 loqui,
882 3985 989 4022 non
1026 3971 1339 4036 intelligitur
1376 3972 1638 4036 ingressas
1676 3970 1814 4035 quod
1837 3971 2006 4036 ipsum
2049 3971 2406 4036 experientes,
2439 3971 2616 4022 stetim
2646 3970 2838 4036 dijudi-

704 4143 731 4189 1
802 4139 1070 4208 Excerpta
1117 4139 1220 4191 Ms.
1272 4141 1334 4192 R.
1388 4139 1700 4190 exhibiturus.
1845 4142 1878 4188 2
1909 4138 1996 4190 Ita
2016 4139 2081 4188 R.
2119 4139 2205 4189 Al.
2237 4141 2460 4191 ordinem.
2492 4141 2575 4193 Id.

642 4211 793 4265 und.
1847 4219 1877 4266 8
1912 4215 1998 4266 Al.
2017 4216 2213 4279 ps'e'tiaeae
2231 4217 2352 4268 artu
2373 4223 2420 4267 et
2441 4218 2556 4268 virt.
2589 4216 2670 4268 ld.
