3234 4934
922 353 1283 405 namsms
1332 352 1626 403 namen
1675 351 2196 403 messmam-10.
2560 340 2650 408 91

462 499 586 569 itin,
612 516 749 576 quoe
776 516 897 557 non
924 508 1019 557 est
1054 497 1303 577 Tragica
1332 496 1439 558 sed
1482 498 1730 559 Comica
1775 496 2120 576 (μετάβασιν
2167 499 2398 558 vocavit
2423 498 2652 559 Aristo-

464 596 659 671 teles),
684 614 823 675 pars
850 613 988 673 quae
1006 592 1320 674 opponitur
1346 600 1417 679 τῇ
1444 594 1597 654 θέσει
1624 596 1828 674 (quam
1871 604 1934 654 et
1957 594 2124 654 λύσιν
2151 613 2254 655 seu
2298 592 2652 657 solutionem

462 692 723 767 vocant),
766 709 841 750 ex
886 691 1181 751 sententia
1208 690 1529 751 succedere
1550 709 1678 751 non
1706 689 1917 771 potuit.
2001 692 2219 762 Quare,
2249 688 2570 771 impeditus
2591 700 2655 751 et

464 786 681 848 oblitus
724 786 835 860 sui,
882 787 967 847 ire
1014 788 1247 867 cogitur
1287 785 1367 849 ad
1406 788 1640 857 Deumz
1682 787 1798 848 hoc
1844 796 1976 856 θοις
2020 789 2134 848 ἀπὸ
2161 800 2422 868 μηχανῆς
2443 785 2654 847 finire:

463 882 623 961 quod
650 892 743 943 est
768 882 1036 945 ultimum
1066 884 1358 962 refugium
1387 883 1613 956 Poetoe,
1651 903 1792 945 cum
1817 889 1920 955 τὴν
1945 880 2104 943 §enar
2122 884 2240 944 hoc
2267 894 2378 953 est,
2409 881 2656 955 nodum,

462 999 637 1059 quem
663 979 873 1060 lig-avit
894 980 1044 1060 ipse,
1072 980 1301 1041 solvere
1342 999 1461 1039 non
1490 989 1712 1059 potest,
1762 990 1825 1040 et
1848 1000 1972 1041 rem
2007 999 2213 1060 parum
2239 978 2482 1061 provide
2505 988 2658 1039 trac-

460 1077 625 1137 tavit.
707 1077 865 1137 Nam
912 1086 1147 1150 ceterae,
1192 1097 1329 1157 ques
1374 1077 1455 1137 ibi
1506 1076 1862 1137 adhibentur
1902 1076 2216 1149 machinae,
2263 1075 2342 1137 ad
2371 1095 2566 1136 scenoe
2593 1084 2658 1137 et

460 1171 725 1253 choragii
754 1184 1049 1245 ornatum,
1077 1176 1169 1233 καὶ
1194 1176 1297 1243 τὴν
1322 1172 1479 1249 ὄψιν,
1526 1182 1597 1233 ut
1639 1171 2038 1251 Philosophus
2088 1172 2165 1231 de
2190 1170 2262 1231 iis
2289 1170 2453 1251 loqui
2481 1170 2654 1245 solet,

458 1270 827 1331 referuntur:
870 1270 1049 1350 quale
1074 1283 1171 1331 est
1195 1270 1513 1343 brontium,
1542 1277 1602 1329 et
1629 1270 2174 1348 ceraunoscopium,
2203 1286 2447 1347 quorum
2467 1267 2656 1327 altero

460 1366 539 1426 ad
566 1367 812 1438 tonitru,
854 1364 969 1425 hoc
1021 1364 1099 1425 ad
1148 1364 1373 1425 fulmen
1424 1364 1891 1445 exprimendum,
1935 1364 2000 1423 in
2049 1363 2475 1443 Amphitryone
2493 1375 2654 1442 ‘opus

458 1460 590 1522 fuit.
674 1461 881 1521 Finem
916 1478 1077 1534 vero,
1126 1480 1261 1541 quse
1308 1479 1349 1521 a
1389 1460 1685 1533 machina,
1731 1461 2028 1521 lubentius
2071 1460 2134 1520 in
2175 1459 2428 1538 Tragico
2470 1478 2652 1540 quam

460 1557 705 1620 Comico
732 1568 982 1619 excusat
1011 1556 1396 1626 Aristoteles:
1440 1556 1583 1637 quia
1602 1567 1954 1638 argumento
1980 1555 2268 1637 Tragicus
2291 1556 2654 1637 astringitur,

457 1654 617 1733 quod
645 1654 883 1737 accipit.
964 1654 1323 1735 Quanquam
1351 1672 1429 1717 ne
1456 1652 1598 1716 huic
1626 1654 1865 1735 quidem
1891 1672 2022 1716 eam
2049 1652 2194 1715 fecit
2218 1653 2490 1733 gratiam,
2515 1672 2654 1713 cum

456 1746 685 1829 inquit:
726 1751 977 1830 §anper
1004 1750 1122 1823 οὖν,
1174 1752 1261 1815 ὅτι
1286 1756 1381 1813 καὶ
1404 1757 1507 1815 rds
1532 1756 1720 1814 λύσειε
1746 1764 1858 1814 τῶν
1895 1752 2086 1832 μύθων
2129 1752 2191 1825 ἐξ
2233 1754 2402 1812 αὐτοῦ
2441 1748 2529 1809 δεῖ
2553 1761 2657 1811 τοῦ

454 1850 633 1921 μύθου
674 1847 1035 1924 συμβαίνειν,
1082 1851 1176 1908 καὶ
1205 1851 1304 1927 μὴ,
1356 1852 1539 1927 ὥσπερ
1582 1851 1647 1908 ἐν
1697 1853 1767 1931 τῇ
1811 1846 2068 1924 Μηδείᾳ,
2099 1846 2212 1906 ἀπὸ
2257 1856 2536 1927 μηχανῆς,
2561 1850 2658 1907 καὶ

460 1942 525 2000 ἐν
550 1947 617 2024 τῇ
644 1942 845 2003 Ἰλιάδι
868 1946 939 2002 τὰ
966 1946 1091 2021 περὶ
1137 1944 1237 2003 τὸν
1271 1945 1605 2004 ἅπόπλοννι
1649 1942 1713 2003 id
1733 1952 1866 2003 est:
1930 1942 2320 2003 Manifestum
2368 1961 2510 2021 ergo
2539 1950 2654 2015 est,

460 2038 634 2097 etiam
662 2037 884 2099 exitum
912 2036 1177 2111 Fabulae,
1204 2056 1239 2097 e
1268 2038 1495 2099 Fabula
1536 2038 1672 2118 ipsa
1714 2039 1833 2119 peti
1863 2037 2100 2110 debere,
2145 2055 2269 2096 non
2299 2056 2336 2097 a
2361 2036 2656 2110 machina,

457 2141 527 2191 ut
551 2134 611 2191 in
642 2132 882 2205 Medea,
912 2144 1018 2193 aut
1035 2130 1535 2212 quemadmodum
1564 2137 1625 2195 in
1655 2132 1864 2206 Iliade,
1892 2136 1954 2195 in
1977 2133 2050 2193 iis
2070 2151 2205 2213 quoe
2223 2132 2382 2193 circa
2399 2131 2656 2193 reditum

460 2227 805 2289 Graecorum
846 2228 1015 2292 finnt.
1095 2229 1375 2293 Medeam
1406 2242 1623 2305 autem,
1667 2250 1792 2293 non
1819 2230 2220 2310 Euripidem,
2265 2228 2372 2289 sed
2413 2228 2658 2289 alterius

458 2323 740 2403 intelligit
764 2324 991 2385 Po‘etae.
1052 2325 1217 2387 Idem
1232 2336 1297 2387 et
1315 2326 1619 2401 Horatius,
1647 2346 1682 2389 e
1711 2325 1990 2400 Pariano,
2011 2324 2211 2398 credo,
2239 2323 2656 2404 Neoptolemo,

458 2439 495 2478 e
523 2438 643 2499 quo
684 2421 965 2500 pleraque
1008 2433 1309 2503 precepta
1348 2442 1460 2486 sua
1504 2425 1568 2485 in
1608 2423 1727 2487 hoc
1775 2422 1996 2503 scripto
2044 2421 2265 2498 hausit,
2306 2418 2657 2504 fugiendum

458 2524 661 2575 monet
678 2533 698 2574 t

622 2654 751 2716 Nec
780 2656 945 2719 Deus
968 2657 1218 2735 intersit,
1244 2660 1360 2723 nisi
1389 2662 1607 2743 dignus
1635 2658 1872 2722 vindice
1897 2659 2092 2722 nodus

530 2748 533 2757 '
621 2753 922 2815 Inciderit.

464 2896 581 2956 Ubi
622 2895 823 2955 nodus
849 2905 945 2955 est
969 2901 1004 2968 ἦ
1032 2896 1205 2970 δόσις,
1251 2918 1387 2976 quae
1432 2896 1730 2957 interdum
1759 2918 1872 2977 ope
1917 2898 2180 2958 humana
2221 2901 2374 2963 solvi
2399 2922 2522 2965 non
2548 2925 2659 2984 po·

462 3001 601 3052 test.
683 2991 801 3060 Qui
821 2990 1083 3070 quidem,
1108 2992 1220 3052 nisi
1245 3004 1460 3071 praeter
1479 2993 1686 3053 Poeta
1712 2992 2076 3053 voluntatem
2104 3002 2214 3054 aut
2235 3014 2306 3055 ex
2329 3000 2661 3077 argumenti

460 3087 691 3148 eveniat
717 3085 1094 3162 necessitate,
1140 3107 1261 3149 non
1292 3107 1331 3148 a
1358 3090 1511 3162 Deo,
1538 3088 1702 3168 quod
1739 3087 1998 3168 cujusvis
2041 3089 2220 3151 etiam
2245 3091 2660 3171 imperitissimi

461 3194 559 3244 est
581 3182 859 3253 hominis,
885 3203 1087 3245 verum
1114 3204 1153 3245 a
1179 3184 1369 3245 Poeta
1408 3185 1559 3246 solvi
1588 3186 1787 3246 debet.
1868 3185 2119 3260 Rursus,
2145 3186 2298 3249 sicut
2323 3189 2514 3269 pictor
2541 3192 2661 3271 pri-

460 3299 559 3340 mo
581 3279 863 3340 ambitum
888 3277 1170 3354 delineat,
1210 3280 1427 3342 deinde
1476 3281 1713 3361 sing-ula
1759 3282 2038 3356 absolvit,
2077 3282 2164 3343 ita
2204 3283 2444 3364 sapiens
2471 3285 2663 3349 Poeta

462 3378 754 3437 actionem
790 3395 963 3437 suam
1002 3376 1447 3439 circumscribit·
1530 3377 1814 3452 Primum,
1841 3388 1910 3440 ut
1953 3378 2032 3439 sit
2073 3389 2236 3443 tota:
2291 3381 2408 3441 hoc
2451 3392 2564 3457 est,
2591 3395 2662 3449 ut

462 3471 832 3552 principium,
858 3482 927 3533 ut
948 3474 1128 3535 finem
1154 3474 1393 3548 habeat,
1444 3484 1507 3536 et
1528 3474 1788 3535 medium
1815 3494 1832 3535 ε
1875 3494 2012 3554 quae
2037 3475 2098 3535 in
2125 3476 2379 3537 minimis
2419 3498 2660 3560 quoque

464 3586 595 3627 esse
624 3580 896 3646 possunt.
977 3568 1227 3629 Minima
1272 3580 1468 3631 autem
1518 3590 1761 3631 sensum
1787 3570 1886 3630 vix
1928 3569 2278 3643 admittunt:
2319 3592 2540 3654 magna
2563 3575 2662 3635 ni·-

464 3662 648 3721 mium
672 3661 1043 3743 dispergunt.
1126 3666 1228 3727 Sic
1274 3654 1577 3729 formicam
1604 3667 1704 3728 vix
1729 3666 2035 3728 videmus:
2094 3667 2156 3727 in
2184 3678 2510 3748 conspectu
2537 3670 2660 3731 ele-

464 3756 671 3837 phanti
704 3759 867 3819 visus
899 3758 995 3819 vix
1020 3758 1335 3841 colligitur.
1417 3763 1616 3832 Quare
1661 3762 1982 3824 Comoedioe
2011 3763 2464 3844 Tragoediaeque
2487 3784 2659 3846 mag-

464 3854 697 3929 nitudo,
724 3864 787 3915 et
812 3854 1110 3935 periodus,
1139 3866 1208 3916 ut
1232 3878 1366 3921 cum
1394 3859 1759 3940 Philosopho
1779 3860 1894 3920 hoc
1915 3860 2129 3933 dicam,
2150 3879 2185 3919 e
2205 3868 2419 3921 natura
2439 3860 2661 3923 utrius·

464 3971 579 4031 que
622 3961 685 4012 et
724 3951 951 4013 ratione
996 3954 1121 4031 peti
1166 3953 1403 4016 debent.
1475 3956 1575 4030 Et,
1616 3957 1942 4017 mutatione
1991 3957 2200 4037 prima,
2238 3955 2352 4016 hoc
2380 3966 2492 4030 est,
2520 3976 2659 4019 cum

463 4046 809 4109 infelicitate
832 4046 907 4108 ad
938 4047 1279 4113 felicitatem
1317 4051 1378 4110 in
1422 4050 1752 4124 comedia,
1791 4063 1998 4113 contra
2025 4062 2226 4113 autem
2249 4053 2313 4111 in
2340 4053 2660 4134 Tragoedia

467 4142 679 4204 mutari
706 4152 907 4225 potest
926 4145 1123 4214 actim
1167 4146 1253 4206 ita
1278 4157 1350 4206 ut
1375 4166 1449 4207 ex
1477 4156 1826 4228 argumento
1853 4146 2017 4221 nihil,
2040 4146 2200 4226 quod
2229 4146 2304 4208 ad
2333 4166 2456 4213 rem
2483 4168 2658 4231 spec-
