3234 4934
601 359 688 424 60
1275 376 1546 424 vlc‘roa
1597 377 1693 423 nn
1740 377 2131 426 commum.

592 518 878 597 juvenum
906 513 1116 574 choros
1145 506 1428 574 institutis
1457 513 1711 594 populus
1756 515 1919 574 abuti
1967 515 2425 594 prohibebatur:
2468 522 2627 598 quod
2662 542 2791 602 par-

601 612 890 673 ticulatim
936 629 974 670 a
1021 609 1296 671 Platonio
1343 611 1592 690 legimus
1634 610 2019 688 disputatum.
2106 612 2173 672 Id
2201 613 2398 692 itaque
2426 617 2792 677 animadver-

605 716 798 767 tentes
839 708 1063 785 poetae,
1093 705 1587 785 quemadmodum
1638 706 1761 766 lata
1806 707 1938 786 lege
1982 709 2057 768 de
2102 729 2222 768 non
2267 712 2565 789 carpendo
2608 715 2795 772 nomi-

605 803 813 875 natim,
862 801 1102 862 materia
1131 804 1488 876 mutabatur,
1536 803 1618 863 ita
1646 803 1821 863 etiam
1864 805 2173 864 cantilenis
2220 807 2513 867 abstinere
2559 811 2793 888 penitus

607 897 1032 958 decreverunt:
1099 897 1379 977 quodque
1428 898 1748 976 sapientes,
1802 919 1939 960 cum
1992 903 2238 979 tempori
2293 903 2627 963 cedendum
2684 917 2797 978 est,

604 994 836 1054 efficere
865 993 1078 1062 solent,
1105 1012 1238 1071 quae
1265 1003 1394 1052 erat
1421 995 1772 1067 necessitas,
1800 996 1861 1054 in
1894 995 2167 1056 virtutem
2210 999 2508 1076 egregiam
2534 1013 2796 1059 transtu·

607 1090 746 1150 lere.
830 1088 984 1148 Nam
1012 1100 1180 1148 actus
1209 1089 1454 1148 Fabulae
1476 1090 1561 1149 sio
1589 1092 1850 1169 agebant
1870 1091 2207 1170 colligatos,
2234 1105 2301 1152 ut
2328 1114 2431 1172 per
2468 1094 2796 1168 intervalla,

608 1205 742 1265 quse
771 1184 1008 1264 quidem
1035 1195 1204 1246 erant
1247 1185 1508 1257 minima,
1561 1188 1773 1247 saltem
1800 1209 1954 1248 unus
1983 1188 2185 1248 histrio
2216 1188 2653 1267 relinqueretur,
2696 1201 2800 1250 aut

605 1282 970 1360 frequentius
1017 1281 1349 1361 complures
1405 1283 1649 1343 alternis
1718 1285 1871 1344 inter
1928 1305 1990 1344 se
2044 1283 2351 1344 versiculis
2421 1287 2796 1345 disserentes.

609 1377 884 1455 Deinque
906 1377 1052 1437 nihil
1079 1380 1298 1438 vetusti
1325 1378 1486 1439 chori
1509 1379 1806 1460 proprium
1814 1382 1938 1439 'zob
1944 1382 2271 1440 ervabant:
2301 1381 2795 1461 quemadmodum

609 1474 672 1531 in
695 1473 1105 1552 Aristophanis
1135 1474 1313 1533 Pluto
1337 1474 1566 1535 Fabula
1591 1486 1717 1585 tute
1738 1475 2089 1555 jampridem
2118 1475 2339 1536 vidisti.
2415 1476 2487 1538 ld
2514 1477 2796 1537 Horatius

609 1569 693 1630 ita
718 1567 974 1629 cecinit.
2736 1595 2743 1604 ·

1172 1719 1292 1778 Lex
1322 1728 1420 1779 est
1447 1727 1728 1796 accepta:
1770 1718 2099 1796 chorusque

933 1812 1203 1892 Turpiter
1231 1814 1496 1887 obticuit,
1526 1814 1759 1873 sublato
1778 1813 1909 1892 jure
1939 1811 2213 1874 nocendi.

615 1955 802 2014 Miror
851 1966 1070 2030 autem,
1115 1958 1286 2035 quasi
1329 1967 1656 2018 monstrum
1700 1957 2099 2036 conspicatus,
2139 1956 2324 2028 illum,
2368 1955 2539 2034 cujus
2584 1953 2804 2034 scripta

615 2052 727 2109 sub
755 2049 1004 2111 'Acronis
1051 2053 1286 2113 nomine
1324 2055 1827 2128 circumferuntur,
1868 2054 1963 2113 vel
1996 2055 2044 2113 si
2072 2062 2166 2112 est
2195 2053 2324 2132 ipse
2354 2053 2534 2122 Acr0,
2581 2050 2801 2110 dixisse

612 2147 675 2204 id
724 2147 858 2225 lege
905 2157 1143 2208 cautum
1175 2150 1286 2208 sub
1315 2151 1610 2228 Augusto.
1693 2150 1937 2210 Poterat
1986 2147 2391 2209 mediusfidius
2431 2147 2805 2226 perspexisse

613 2241 820 2315 (modo
848 2242 1122 2302 Plautum
1177 2254 1282 2303 aut
1306 2245 1644 2303 Terentium
1669 2243 1911 2322 legerit).
1959 2261 2036 2301 an
2086 2251 2225 2302 ante
2273 2242 2606 2320 Augustum
2654 2251 2804 2300 aotae

617 2337 866 2397 Fabulae
890 2358 1226 2417 quenquam
1257 2339 1731 2400 momordissent.
1794 2340 1849 2398 Ο
1878 2357 2060 2417 quam
2091 2337 2327 2417 egregie
2358 2346 2592 2396 vetusta
2616 2335 2806 2408 novis,

617 2435 940 2512 Latinaque
962 2434 1190 2495 Graecis
1222 2455 1338 2495 non
1368 2436 1466 2495 hic
1495 2435 1695 2508 modo,
1725 2455 1923 2495 verum
1952 2444 2016 2494 et
2044 2435 2145 2494 alii
2166 2435 2404 2493 fortuna
2432 2431 2649 2491 similes
2664 2451 2805 2491 oon-

618 2529 916 2590 fuderunt.
998 2531 1231 2610 Quippe
1277 2531 1390 2591 hoc
1436 2531 1684 2590 Athenis
1736 2530 2035 2590 decretum
2084 2527 2315 2607 patricii
2364 2525 2807 2605 promulgavere

618 2625 716 2683 vix
759 2643 916 2687 anno
961 2625 1138 2685 Urbis
1170 2626 1377 2685 Romoe
1426 2625 1881 2703 quadragesimo
1912 2625 2163 2705 septimo
2206 2642 2385 2702 supra
2430 2634 2517 2681 ter
2550 2630 2806 2693 centum,

619 2718 894 2780 videlicet
913 2741 1049 2782 cum
1077 2717 1291 2781 tribuni
1319 2720 1600 2782 militares
1634 2723 1871 2800 imperio
1899 2720 2193 2781 consulari
2222 2721 2575 2778 crearentur.

700 2815 1065 2877 Comoediam
1094 2819 1294 2897 itaque
1319 2827 1558 2896 tempus
1581 2827 1645 2876 et
1668 2816 1947 2889 materia,
1964 2817 2118 2876 sicut
2145 2813 2423 2887 diximus,
2470 2812 2527 2869 in
2568 2811 2679 2871 tria
2706 2831 2809 2891 ge-

619 2930 766 2972 nera
791 2910 1081 2985 dividunt,
1107 2914 1414 2992 antiquum
1452 2911 1699 2984 scilicet,
1738 2921 1801 2970 et
1846 2917 2086 2984 novum,
2140 2921 2201 2970 et
2248 2908 2523 2970 medium.
2606 2909 2809 2988 Stylus

619 3004 1043 3082 vero,numeri,
1055 3018 1116 3069 et
1131 3017 1448 3088 apparatus
1466 3006 1691 3086 duplici
1708 3016 1942 3066 tantum
1963 3007 2223 3066 sectione
2245 3005 2603 3084 partiuntur:
2626 3001 2813 3063 diver·

623 3121 693 3163 sa
730 3113 925 3164 tamen
969 3106 1231 3164 ratione:
1275 3103 1552 3182 quoniam
1581 3103 1772 3181 stylus
1800 3111 1862 3162 et
1885 3103 2111 3160 numeri
2142 3099 2462 3159 vetustiora
2488 3097 2609 3156 duo
2636 3097 2812 3156 simul

623 3207 1008 3275 componunt,
1035 3217 1170 3275 quae
1199 3197 1276 3255 ad
1309 3194 1707 3254 Alexandrum
1734 3213 1925 3274 usque
1951 3213 2269 3274 pervenere
2298 3212 2315 3251 z
2358 3193 2465 3254 sed
2494 3200 2811 3270 apparatus

623 3291 880 3352 medium
909 3291 1056 3350 illud
1083 3292 1350 3353 annectit
1375 3290 1706 3351 recentiori.
1787 3290 1939 3348 Nam
1968 3289 2029 3347 in
2050 3298 2301 3366 utroque
2324 3288 2401 3363 (si
2422 3287 2813 3366 grammaticis

626 3385 987 3446 credendum
1012 3386 1130 3460 est)
1151 3384 1314 3445 nulla
1341 3383 1985 3444 ohorimodulamenta·
2000 3381 2385 3462 reperiuntur.

709 3481 848 3540 Non
875 3491 1070 3542 autem
1097 3499 1234 3541 esse
1257 3480 1504 3540 arbitror
1529 3477 1786 3538 alienum
1825 3478 1887 3540 in
1914 3478 2231 3558 praesentia
2257 3475 2532 3555 quaedam
2558 3476 2816 3556 particu«

625 3575 822 3637 lar-iter
848 3575 1241 3649 considerare,
1270 3595 1406 3656 quoe
1433 3576 1703 3656 profecto
1724 3575 1909 3636 multa
1933 3593 2053 3633 non
2082 3583 2289 3633 erunt:
2332 3572 2609 3651 quoniam
2639 3571 2811 3634 facile

627 3671 861 3732 videtur
905 3690 982 3731 ex
1019 3670 1312 3732 hactenus
1363 3671 1538 3732 dictis
1576 3672 1700 3731 sere
1726 3690 1935 3732 omnes
1964 3681 2090 3730 tum
2117 3669 2381 3741 Graecas,
2418 3669 2813 3728 tum-Latinas

629 3768 818 3829 metiri
845 3765 1200 3840 Comoedias,
1247 3768 1300 3827 si
1346 3777 1677 3846 temporum
1726 3767 2049 3847 presertim
2088 3765 2271 3826 ullam
2316 3765 2531 3824 habere
2562 3763 2813 3824 volueris

631 3863 954 3922 rationem:
998 3861 1238 3940 quando
1277 3863 1506 3924 scilicet
1551 3862 1612 3921 in
1662 3881 1843 3922 scena
1884 3861 2147 3922 floruerit
2182 3860 2588 3939 unusquisque
2616 3858 2813 3918 Fabu-

629 3957 819 4017 larum
849 3958 1045 4035 poeta.
1127 3956 1385 4017 Primam
1410 3957 1584 4037 igitur
1612 3957 1823 4018 Romae
1851 3957 2139 4016 Fabulam
2176 3955 2317 4016 dare
2356 3953 2569 4014 Lucius
2618 3954 2813 4013 Livius

629 4052 866 4130 occepit
907 4051 1135 4113 decimo
1183 4069 1361 4131 supra
1403 4051 1941 4132 quingentesimum
1970 4051 2144 4113 Urbis
2188 4068 2384 4112 anno·
2420 4050 2521 4129 qui
2555 4047 2813 4128 quidem,

638 4144 836 4208 Gellio
862 4157 1036 4222 teste,
1085 4147 1605 4228 quinquagesimus
1646 4148 1945 4212 secundus
1977 4150 2060 4210 ab.
2080 4147 2245 4208 obitu
2270 4143 2589 4210 Menandri
2612 4161 2815 4206 nume·
