3234 4934
952 384 1315 431 Nominum
1365 384 1810 433 commonuit
1865 385 2113 435 navio.
2286 348 2292 353 ’
2487 376 2616 442 107

520 524 799 584 Pasibula
813 524 959 583 verti
974 534 1189 603 potest,
1207 525 1495 585 Omnibus
1522 525 1844 587 consulens
1863 546 1878 586 :
1901 538 2028 601 πᾶς,
2047 530 2260 603 omnis,
2274 532 2614 593 universus:

428 620 637 695 βουλὴ,
664 621 992 681 consilium.
1077 622 1219 701 Ejus
1249 622 1463 703 quippe
1491 622 1714 702 agnitio
1741 623 1961 686 nemini
1987 644 2106 685 non
2135 627 2452 699 consuluit,
2487 648 2612 689 om-

428 718 591 777 nium
618 717 844 779 animos
874 718 1093 796 alioqui
1124 718 1555 778 turbatissimos
1585 718 1831 779 feliciter
1861 720 2269 799 tranquillans.
2353 723 2424 783 Id
2451 724 2614 803 quod

428 812 895 875 luculentissime
926 812 1105 875 docet
1130 813 1304 893 hujus
1335 813 1660 874 Comoediae
1691 817 2091 895 catastrophe.

513 910 883 983 Philumena,
926 912 995 971 In
1040 930 1237 972 amore
1286 930 1670 990 perseverans
1719 930 1790 972 ac
1839 912 2182 990 persistens.
2263 914 2518 976 Manens
2553 916 2616 975 in

428 1008 704 1070 amicitia.
784 1008 968 1083 Φίλος,
996 1010 1217 1069 amicus
1242 1029 1257 1068 ε
1296 1016 1471 1087 μένω,
1498 1028 1732 1069 maneo.
1815 1009 2199 1071 scribendum
2229 1021 2426 1074 autem
2453 1022 2616 1073 esset

426 1102 795 1179 Philumena,
842 1106 1109 1165 secunda
1134 1116 1196 1166 et
1222 1106 1393 1167 tertia
1418 1105 1730 1167 brevibus:
1775 1115 1839 1167 at
1871 1126 2053 1167 causa
2081 1107 2486 1187 productionis
2512 1128 2614 1171 as-

426 1200 605 1260 sumit
632 1227 668 1260 υ
695 1213 837 1280 post
862 1226 914 1274 o,
959 1211 1028 1261 ut
1054 1204 1131 1262 sit
1156 1200 1563 1281 diphthongus
1590 1227 1676 1275 ου,
1713 1223 1890 1282 quam
1917 1223 2026 1263 nos
2053 1203 2113 1263 in
2141 1224 2185 1263 u
2208 1202 2454 1285 longum
2481 1225 2613 1267 ver-

424 1296 623 1371 timus,
667 1296 933 1359 dicentes
962 1297 1328 1357 Philumena.
1426 1298 1522 1358 Sic
1552 1297 1760 1360 dicunt
1775 1298 1972 1359 Graeci
1997 1308 2216 1373 νοῦσος,
2245 1299 2478 1381 οὕνομα,
2505 1322 2612 1381 pro

424 1395 607 1467 vdent,
646 1394 846 1474 ὄνομα.
926 1394 1025 1455 Sic
1074 1394 1222 1453 dixit
1260 1392 1423 1473 Virg.
1474 1402 1493 1429 ⁸
1520 1394 1754 1473 Upilio,’
1800 1415 1927 1476 pro,
1979 1396 2197 1475 Opilio,
2277 1398 2414 1457 Nisi
2457 1396 2608 1459 forte

422 1492 554 1567 quis
583 1492 747 1551 malit
772 1490 987 1552 ducere
1014 1510 1051 1549 a
1076 1491 1251 1551 verbo
1279 1495 1568 1569 φιλοῦμαι,
1607 1492 1674 1551 id
1713 1504 1826 1561 est,
1869 1493 2191 1555 concilior:
2231 1502 2302 1553 ut
2327 1494 2406 1555 sit
2427 1496 2608 1575 parti-

420 1585 637 1666 cipium
662 1589 1044 1663 foemininum‚
1073 1588 1241 1669 quasi
1268 1588 1599 1664 conciliata,
1629 1590 1722 1650 vel
1753 1600 1968 1651 amata.

501 1682 766 1761 Chrysis,
810 1688 1027 1747 Aurea.
1106 1684 1345 1763 Χρνσὸς,
1390 1704 1617 1747 aurum.
1702 1686 2043 1768 Chrysidas,
2087 1705 2283 1749 aureae
2329 1686 2606 1769 crepidae,

417 1778 513 1840 vel
556 1780 795 1861 phiale.
877 1788 895 1817 ‘
916 1782 1143 1841 Aureos
1171 1800 1365 1841 mores
1383 1782 1400 1808 ’
1441 1784 1603 1861 apud
1652 1784 1962 1845 Horatium
1991 1786 2138 1847 libro
2165 1794 2378 1864 quarto
2405 1786 2604 1845 Carm.

418 1876 533 1936 ode
564 1877 847 1949 secunda,
894 1887 1260 1939 enarratores
1296 1878 1636 1959 intelligunt
1671 1881 1860 1942 bonos
1889 1893 1952 1943 et
1977 1893 2240 1954 sanctos,
2283 1882 2607 1961 pulcherri-

416 1991 569 2045 mos,
608 1973 936 2053 elegantes,
982 1983 1044 2034 et
1090 1975 1395 2047 amabiles,
1438 1986 1507 2035 ut
1532 1975 1692 2057 apud
1720 1976 1930 2056 Virgil.
1959 1978 2106 2039 libro
2133 1992 2344 2037 octavo
2372 1975 2604 2036 AEneid.

418 2074 435 2101 ⁴
454 2070 657 2131 Aurea
682 2069 944 2131 saecula.'
1026 2070 1104 2131 Et
1130 2090 1331 2131 rursus
1360 2072 1517 2152 apud
1548 2072 1802 2134 eundem
1830 2073 1978 2135 libro
2007 2094 2076 2133 x.
2102 2082 2120 2109 ⁴
2140 2075 2336 2133 Aurea
2357 2071 2610 2132 Venus!

418 2162 543 2225 Erit
572 2166 752 2245 igitur
780 2166 1046 2247 Chrysis,
1076 2186 1275 2240 aurea,
1303 2166 1569 2247 elegans,
1597 2168 1888 2229 amabilis.

496 2262 681 2337 Simo,
730 2262 1026 2343 Pamphili
1069 2273 1257 2343 pater,
1302 2283 1484 2323 senex
1510 2283 1662 2324 naso
1690 2264 1837 2324 simo
1864 2272 1926 2323 et
1951 2282 2177 2345 presso,
2209 2282 2248 2323 a
2274 2263 2472 2343 specie
2497 2282 2606 2323 no-

414 2378 549 2419 men
578 2360 778 2433 habet,
806 2360 967 2439 quod
990 2360 1121 2419 simi
1148 2370 1291 2420 sunt
1316 2359 1583 2423 iracundi
1612 2369 1672 2419 et
1698 2359 1916 2420 biliosi.

496 2456 865 2535 Pamphilus,
894 2456 1271 2528 adolescens,
1301 2476 1339 2517 a
1364 2448 1524 2515 fideli
1552 2475 1770 2515 amore.
1852 2456 2038 2516 Totus
2073 2474 2300 2528 amans,
2337 2453 2432 2515 vel
2460 2454 2606 2515 Om-

418 2552 593 2612 nibus
621 2554 867 2614 amicus.
946 2554 1096 2625 Πᾶς,
1124 2562 1307 2626 totus,
1337 2553 1567 2613 omnis:
1610 2558 1792 2634 φίλος.
1821 2552 2065 2614 amicus.

496 2647 723 2723 Davus,
752 2669 978 2723 servus,
1009 2670 1047 2709 a
1072 2649 1263 2732 patria
1287 2670 1302 2709 t
1346 2659 1415 2710 ut
1439 2650 1620 2730 paulo
1649 2660 1787 2709 ante
1815 2670 1891 2710 ex
1919 2650 2230 2709 Strabone.

406 2756 413 2763 ·
496 2744 743 2819 Dromo,
772 2765 999 2817 servus,
1026 2764 1063 2805 a
1090 2764 1289 2805 cursu.
1359 2745 1590 2824 Δρόμοε,
1618 2765 1865 2806 cursus:
1896 2744 2176 2824 δρομαῖος,
2203 2744 2398 2803 velox.
2467 2745 2604 2804 Ser·

416 2858 617 2899 vorum
647 2848 760 2912 est,
789 2840 1067 2900 velociter
1090 2858 1343 2913 currere,
1374 2859 1492 2918 quo
1512 2839 1803 2918 jusserint
1829 2840 2072 2898 domini.

497 2932 689 3005 Sosia,
716 2933 985 3005 libertus,
1029 2931 1205 2999 Quod
1235 2934 1315 2992 sit
1352 2934 1413 2991 in
1436 2933 1597 2992 bello
1625 2942 1912 2994 servatus.
1997 2933 2170 2992 Unde
2199 2943 2261 2993 et
2286 2934 2470 2993 servis
2498 2954 2605 2994 no-

413 3048 551 3089 men
579 3027 851 3089 inditum.
933 3028 1128 3099 Σὼἓω,
1158 3046 1350 3087 servo.

495 3125 812 3197 Charinus,
842 3124 1211 3185 adolescens.
1296 3125 1391 3183 Ab
1420 3122 1599 3183 animi
1626 3122 2060 3185 benevolentia.
2137 3121 2488 3203 Χαρίέομαι,
2513 3122 2601 3182 fa-

412 3221 505 3281 cio
534 3236 724 3303 grata,
755 3222 1071 3302 obsequor,
1100 3232 1161 3281 et
1188 3218 1535 3281 beneficium
1566 3221 1937 3300 gratiamque
1961 3219 2222 3280 confero·

494 3317 760 3398 Byrrhia,
810 3338 1032 3380 servus.
1117 3318 1166 3377 A
1222 3318 1433 3397 patria,
1481 3318 1677 3396 inquit
1725 3317 2021 3377 Donatus.
2106 3318 2260 3375 Sunt
2285 3314 2387 3393 qui
2413 3314 2603 3394 Phry-

414 3415 571 3494 giam
596 3414 687 3475 his
717 3415 939 3475 Donati
966 3415 1159 3477 verbis
1185 3425 1397 3495 putent
1440 3414 1627 3473 innui.
1709 3412 2004 3493 Didymus
2051 3422 2210 3473 certe
2250 3409 2606 3472 existimavit

410 3509 797 3589 Aphroditem
826 3510 1155 3591 nuncupari
1184 3514 1337 3590 παρὰ
1361 3510 1425 3571 τὸ
1453 3509 1638 3587 ἀβρὸν
1665 3518 1759 3578 τῆς
1787 3508 2018 3581 διαίτης,
2047 3507 2163 3568 hoc
2189 3520 2301 3581 est,
2330 3527 2367 3567 a
2409 3507 2600 3568 molli-

410 3605 492 3663 tie
517 3604 677 3664 vitm.
762 3605 827 3665 Β
852 3606 1007 3666 enim
1034 3618 1292 3687 cognata
1317 3605 1551 3666 videtur
1575 3604 1764 3665 literae
1791 3615 1830 3684 φ
1854 3623 1870 3663 z
1913 3622 2056 3665 nam
2091 3602 2447 3683 Philippum,
2496 3602 2604 3663 ali-

412 3700 517 3779 qui
560 3701 845 3760 Βίλιππον
871 3702 1213 3780 appellant:
1258 3704 1412 3765 sicut
1456 3702 1752 3781 Phrygas,
1801 3701 2052 3781 Brygas.
2133 3700 2360 3759 Auctor
2384 3697 2604 3757 Caelius

408 3796 517 3856 lib.
548 3816 753 3856 xxxx.
780 3816 915 3876 cap.
949 3800 1041 3858 18.
1092 3798 1265 3859 'Idem
1290 3818 1527 3879 quoque
1554 3798 1740 3859 tradit
1763 3795 1944 3856 Lilius
1970 3796 2071 3857 lib.
2105 3814 2269 3854 x111.
2329 3794 2386 3851 A
2414 3792 2602 3872 Phry-

410 3892 512 3970 gia
536 3892 715 3971 igitur
741 3912 849 3953 seu
880 3893 1097 3974 Brygia
1126 3913 1341 3954 nomen
1368 3902 1529 3954 esset
1570 3891 1836 3971 Byrrhiae
1863 3910 1879 3950 ι
1921 3890 2104 3969 idque
2152 3908 2256 3967 per
2299 3887 2602 3949 literarum

408 3989 783 4050 metathesin.
854 3990 1040 4051 Porro
1069 3990 1337 4071 Phryges
1362 3990 1603 4071 ingenio
1631 3990 1818 4050 fuisse
1845 3986 2061 4058 servili,
2093 3984 2390 4061 vulgatum
2417 3991 2602 4042 testa·
2635 4042 2640 4047 ,

410 4092 507 4143 tur
550 4085 870 4166 adagium:
916 4087 1115 4169 Phryx
1161 4088 1353 4169 plagis
1399 4086 1770 4149 emendatur.
1850 4083 2080 4144 Plinius
2118 4080 2224 4140 lib.
2251 4099 2308 4137 v.
2335 4096 2468 4158 cap.
2499 4078 2598 4139 29.

412 4178 697 4259 Pyrrham
722 4184 927 4245 urbem
948 4184 1099 4247 facit
1124 4185 1341 4246 Cariae.
1422 4185 1823 4255 Quintilianus
1859 4180 1942 4241 lib
1973 4198 2024 4239 1.
2073 4176 2252 4239 docet
2277 4176 2343 4238 B
2369 4174 2597 4237 literam
