3234 4934
897 369 1255 421 nAmssms
1302 366 1595 417 ussxusn
1647 369 2172 421 mssmt‘rxrlo.
2533 356 2624 425 89

432 516 645 595 partim
670 522 881 585 metus,
906 514 1115 592 partim
1147 512 1277 591 ipsa
1306 509 1643 572 emendavit
1667 511 1854 571 ratio:
1891 530 2026 573 cum
2052 522 2248 572 tamen
2279 510 2410 573 sola
2434 514 2616 575 risum

433 611 769 673 felicissime
817 620 1133 669 moverent.
1220 606 1406 668 Novoe
1454 615 1651 667 autem
1697 625 1800 667 rex
1853 608 2245 687 princepsque
2293 608 2620 671 Menander

431 708 572 768 suit:
599 707 767 786 cujus
794 724 1073 785 expressa
1098 706 1295 783 imago
1324 723 1395 763 ac
1422 704 1648 781 effigies
1677 703 2008 763 Terentius.
2078 702 2269 771 Quem
2297 722 2432 764 cum
2461 714 2618 765 uter-

435 822 551 882 que
575 802 924 881 accepisset,
965 801 1375 880 Aristophanis
1405 801 1650 861 virtutes
1679 800 1792 861 hac
1822 799 2094 861 mercede
2116 802 2410 879 expressit
2439 800 2618 863 Plau-

431 907 548 972 tus,
578 909 644 959 ut
670 918 780 959 nec
806 917 1009 978 omnes
1040 907 1263 976 posset,
1303 896 1491 977 (quod
1525 906 1583 957 et
1609 896 1832 977 ling-use
1873 896 2203 969 diversitas,
2229 907 2291 957 et
2317 897 2618 959 Romano-

432 1016 557 1057 rum
587 997 773 1076 leges,
802 1006 863 1058 et
891 1007 1173 1077 tempora,
1202 1015 1274 1058 ac
1302 996 1892 1076 Rerumpublicarum
1919 995 2067 1057 ratio
2095 997 2353 1069 vetabat,
2382 996 2618 1057 sublata

416 1092 543 1170 jam
568 1092 963 1155 maledicendi
989 1092 1278 1165 libertate,
1327 1112 1463 1172 quse
1502 1092 1821 1173 praecipua,
1871 1090 2032 1170 quod
2060 1111 2232 1151 nemo
2263 1092 2472 1165 nescit,
2521 1102 2618 1153 τοῦ

426 1194 655 1265 γελοίου
702 1209 837 1269 pars
886 1191 1027 1265 est,)
1072 1200 1135 1249 et
1180 1208 1567 1267 quascumque
1615 1189 1676 1247 in
1733 1188 2130 1267 Aristophane
2174 1188 2529 1249 Plutarchus
2577 1208 2616 1249 a

425 1290 723 1347 communi
755 1286 1183 1347 consuetudine
1210 1284 1489 1364 loquendi
1519 1283 1829 1345 abhorrere
1857 1293 2045 1355 notat,
2083 1283 2376 1345 retineret.
2458 1286 2615 1345 Nam

424 1391 486 1441 et
506 1388 645 1443 rard
668 1384 766 1444 τὸν
789 1382 1062 1455 λεκτικὸν,
1086 1392 1155 1442 ut
1178 1381 1377 1441 critici
1408 1381 1747 1459 loquuntur,
1775 1385 1867 1442 καὶ
1894 1382 1992 1441 τὸν
2019 1392 2110 1451 τῇ·
2133 1380 2384 1441 διανοίας
2411 1385 2613 1459 τρόπον

425 1480 719 1557 θυμελικὰς
745 1491 858 1551 est,
905 1488 967 1538 et
992 1476 1317 1549 theatralis,
1368 1497 1487 1538 non
1516 1478 1813 1550 πολιτικὸς,
1863 1497 2057 1557 neque
2083 1483 2152 1560 τῇ·
2178 1482 2320 1539 κατὰ
2345 1480 2448 1549 τὴν
2469 1482 2614 1549 ἀλή-

424 1577 587 1635 θειαν
624 1574 753 1652 ἰδέᾳ
776 1573 1083 1651 διαπρέπει·
1129 1594 1321 1654 neque
1349 1576 1628 1654 pauciora
1657 1574 1904 1647 addidit,
1949 1574 2010 1635 in
2056 1576 2270 1657 quibus
2300 1574 2440 1633 dum
2469 1573 2611 1635 ridi-

420 1670 593 1729 culus
619 1669 805 1730 videri
832 1670 981 1742 vult,
1022 1669 1273 1750 frigidus
1300 1689 1373 1730 ac
1399 1670 1644 1733 odiosus
1669 1672 1759 1745 fit,
1803 1670 1966 1750 quod
2013 1689 2134 1731 non
2163 1679 2452 1744 nostrum,
2500 1670 2610 1731 sed

344 1765 359 1779 ’
422 1765 653 1825 Horatii
678 1766 971 1845 judicium
1010 1775 1124 1841 est,
1166 1776 1229 1826 et
1270 1767 1527 1833 Donati;
1570 1787 1722 1847 quos
1763 1778 2044 1847 utrosque
2089 1776 2383 1829 emunctoe
2429 1769 2609 1841 naris,

418 1870 699 1939 utrosque
726 1862 1077 1923 criticorum
1106 1864 1325 1942 primos
1354 1882 1464 1922 suo
1492 1873 1756 1942 tempore
1798 1863 2005 1936 fuisse,
2047 1875 2300 1924 constat.
2381 1864 2500 1923 Sed
2547 1874 2610 1923 et

416 1957 477 2017 in
508 1955 789 2030 dicteriis,
816 1956 893 2018 de
910 1977 1029 2037 quo
1046 1958 1173 2037 jam
1200 1957 1563 2031 dicebamus,
1590 1958 1674 2019 ita
1696 1959 1967 2019 Veterem
1995 1958 2358 2019 Comoediam
2388 1960 2608 2018 amavit

420 2050 689 2125 Plautus,
740 2064 807 2113 ut
852 2052 931 2113 ad
980 2072 1113 2113 eam
1160 2072 1321 2133 soepe
1366 2054 1586 2127 flectat,
1631 2063 1693 2114 et
1728 2053 1890 2132 quod
1917 2055 2212 2135 proprium
2240 2054 2302 2113 in
2327 2052 2430 2115 illa
2457 2065 2618 2124 erat,-

416 2149 753 2223 ἐπωνύμως,
800 2158 863 2209 et
888 2167 1168 2228 expresso
1198 2150 1452 2222 nomine,
1487 2159 1587 2211 aut
1615 2147 2172 2221 circumscribendo,
2217 2168 2337 2209 non
2365 2158 2488 2208 tam
2515 2149 2601 2209 vi-

412 2252 533 2304 tam
560 2244 883 2318 hominum,
913 2264 1088 2324 quam
1118 2244 1417 2307 hominem
1444 2244 1822 2325 perstringat.
1907 2245 1988 2303 Ut
2011 2244 2072 2302 in
2098 2243 2240 2306 illoz

576 2372 767 2433 Etiam
797 2372 1126 2453 Epidicum,
1157 2392 1332 2455 quam
1360 2392 1474 2455 ego
1504 2374 1789 2434 Fabulam
1812 2394 1981 2454 aeque
2011 2393 2082 2434 ac
2102 2392 2195 2434 me
2223 2376 2414 2454 ipsum
2443 2392 2597 2451 amo,

570 2468 811 2529 Nullam
839 2490 1008 2549 aeque
1034 2472 1250 2532 invitus
1282 2481 1506 2551 spect0‚
1546 2472 1595 2532 si
1625 2490 1756 2532 eam
1785 2473 1907 2552 agit
1937 2470 2145 2531 Pellio.

413 2608 533 2671 sed
560 2619 619 2671 et
646 2610 1050 2676 crudelissime
1076 2614 1369 2675 infelicem
1400 2615 1674 2677 Naevium
1703 2617 1892 2677 Milite
1922 2618 2192 2697 excepit:

568 2740 721 2799 Nam
751 2760 819 2801 os
849 2741 1250 2803 columnatum
1278 2744 1482 2804 Poetae
1511 2747 1706 2805 inesse
1733 2743 1932 2804 audivi
1955 2747 2224 2817 barbaro,

566 2834 677 2895 Cui
702 2835 835 2894 bini·
854 2837 1133 2899 custodes
1164 2858 1396 2917 semper
1421 2840 1559 2899 totis
1585 2839 1744 2898 horis
1774 2842 2083 2901 accubant.

404 2968 656 3031 Videtur
682 2971 887 3032 audire
914 2972 1113 3033 κώδιον
1142 2975 1448 3052 Κρατίνου,
1474 2983 1539 3032 et
1563 2994 1699 3053 quae
1727 2974 1952 3053 reliqua
1977 2975 2036 3033 in
2059 2974 2256 3035 Veteri
2287 2974 2594 3035 Comoedia

400 3075 734 3140 occurrunt,
761 3068 867 3139 ὅση
895 3071 1059 3128 κόνις.
1110 3068 1266 3128 Nam
1296 3068 1375 3129 ad
1399 3069 1810 3149 Aristophanis
1837 3072 1899 3129 τὸ
1928 3072 2176 3130 effoeta-ov
2201 3070 2414 3130 frustra
2445 3090 2592 3130 sane

400 3162 701 3243 aspiravit.
786 3162 935 3231 Quis
962 3163 1117 3223 enim
1144 3164 1264 3224 risu
1294 3184 1412 3224 non
1456 3165 1751 3237 emoritur,
1798 3185 1934 3227 cum
1964 3166 2332 3226 vitiositatem
2363 3167 2587 3231 Cratini

398 3258 629 3341 excepit
657 3259 824 3319 Irene
846 3259 873 3319 ’ἑ

550 3388 644 3447 Et.
684 3388 761 3447 Τί
789 3385 855 3447 δὲ
880 3389 1156 3465 Κρατῖνος
1184 3388 1217 3446 ὁ
1244 3390 1411 3469 σοφός
1438 3390 1593 3449 ἐστιν
1614 3410 1634 3459 3
1716 3390 1825 3467 Τρ.
1853 3388 2197 3462 Ἀπέθανον,

542 3482 679 3543 Ὀθ’
703 3484 757 3563 ql
782 3482 1053 3545 Λάκωνες
1076 3484 1380 3560 ἐνέβαλον.
1461 3486 1553 3545 El.
1579 3486 1657 3545 Τί
1683 3487 1916 3559 ’καθείης
1984 3486 2090 3565 Τρ.
2118 3487 2226 3558 ⁸¹0.
2253 3506 2340 3557 τις

558 3578 884 3657 Ὠρακιάσαε
908 3584 999 3658 (οὔ
1025 3586 1139 3660 γάρ
1168 3583 1527 3663 ἐξηνέσχετο)

554 3672 711 3735 Ἰδὼν
734 3681 902 3737 πίθον
924 3679 1349 3757 καταγνύμενον
1376 3680 1533 3739 οἶνον
1557 3683 1755 3739 πλέον.

394 3768 467 3831 ld
493 3778 623 3831 est:

550 3866 623 3927 P.
666 3867 917 3946 Sapiens
945 3878 1139 3931 autem
1168 3871 1446 3932 Cratinus
1472 3870 1624 3952 quid
1651 3870 1824 3951 agit?
1903 3871 2020 3931 Ta.
2051 3870 2238 3943 Obiit,

554 3964 707 4024 Cum
734 3963 997 4025 Lacones
1023 3967 1142 4029 huc
1166 3968 1470 4029 irruerent.
1529 3967 1603 4029 P.
1631 3968 1768 4036 Quo
1793 3965 2044 4028 morbo?
2083 3968 2202 4027 Ta.
2231 3964 2412 4036 Quo?

552 4059 771 4121 Misere
796 4062 1017 4141 pallere
1043 4064 1223 4145 coepit
1246 4066 1419 4144 (serre
1447 4064 1603 4125 enim
1627 4063 1745 4124 hoc
1773 4082 1890 4125 non
1920 4063 2137 4143 potuit)

550 4154 769 4236 Frangi
796 4176 931 4219 cum
953 4158 1181 4221 videret
1200 4162 1337 4220 vino
1362 4160 1605 4239 plenum
1635 4158 1880 4221 dolium.
