3234 4934
631 393 762 461 258
1391 410 1669 459 nnoem
1719 410 2085 459 veranum

1590 554 1679 623 Et
1706 574 1887 623 mox.

727 674 810 738 In
860 662 1214 759 obsequio,
1269 674 1583 757 quoniam
1626 652 2030 738 Terentiano
2080 672 2283 737 verbo
2326 670 2606 737 libenter
2658 676 2831 748 utor,

646 777 929 842 comitas
958 776 1157 841 adsit.

1090 908 1448 989 Horatius,
1476 908 1596 974 lib.
1627 908 1845 993 Epist.
1876 908 1963 973 ad
1995 908 2394 992 Augustum.

815 1029 1082 1095 Dicitur
1113 1027 1353 1094 Afrani
1379 1034 1538 1109 toga
1567 1027 1964 1092 convenisse
1992 1024 2406 1091 Menandro:

815 1130 1098 1196 Plautus
1125 1130 1213 1195 ad
1242 1130 1588 1215 exemplar
1617 1129 1832 1195 Siculi
1864 1148 2223 1213 properare
2254 1128 2679 1211 Epicharmi:

814 1231 1105 1298 Vincere
1134 1229 1458 1297 Caecilius
1485 1232 1832 1315 gravitate,
1862 1230 2221 1296 Terentius
2252 1236 2420 1296 arte.

817 1333 976 1401 Hos
1005 1334 1270 1411 ediscit,
1301 1341 1373 1399 et
1399 1333 1524 1399 hos
1555 1341 1742 1400 arcto
1771 1334 2026 1418 stipata
2055 1334 2305 1398 theatro

819 1434 1096 1520 Spectat
1120 1435 1344 1501 Roma
1369 1434 1703 1522 frequens.

1268 1574 1578 1655 ovidius,
1605 1576 1723 1641 lib.
1758 1594 1835 1643 u.
1864 1576 2209 1643 Tristium.

733 1694 887 1761 Nec
912 1692 1085 1759 liber
1109 1691 1428 1759 indicium
1460 1700 1570 1758 est
1599 1693 1847 1774 animi3
1892 1692 2013 1757 sed
2041 1693 2328 1759 honesta
2359 1694 2664 1759 voluntas

817 1794 1123 1860 Plurima
1149 1793 1521 1860 mulcendis
1552 1794 1829 1859 auribus
1860 1801 2029 1877 apta
2054 1794 2275 1860 refert.

733 1894 991 1963 Accius
1016 1900 1202 1962 esset
1228 1900 1463 1962 atrox:
1508 1897 1803 1962 conviva
1827 1896 2187 1962 Terentius
2218 1900 2436 1977 esset;

816 1997 1070 2063 Essent
1093 2018 1431 2083 pugnaces
1461 1998 1578 2081 qui
1605 1998 1749 2063 fera
1777 1998 1959 2064 bella
1988 2006 2257 2064 canunt.

743 2146 1102 2215 Volcatius
1146 2148 1512 2233 Sedigitas,
1553 2150 1739 2233 apud
1784 2147 1871 2213 A.
1903 2147 2079 2214 Gell.
2123 2148 2241 2213 lib.
2277 2164 2409 2211 xv.
2453 2166 2603 2229 cap.
2629 2146 2738 2209 24.

818 2273 1079 2340 Multos
1111 2275 1400 2342 incertos
1429 2278 1678 2340 certare
1704 2274 1875 2338 hanc
1903 2291 2044 2338 rem
2072 2272 2382 2350 vidimus,

815 2374 1126 2439 Palmam
1155 2374 1380 2459 poetae
1410 2374 1677 2438 comico
1708 2374 1822 2438 cui
1853 2372 2174 2438 deferant.

819 2473 1015 2552 Eum,
1041 2494 1149 2539 me
1171 2474 1419 2559 judice,
1447 2492 1728 2539 errorem
1756 2472 2129 2539 dissolvam
2157 2472 2324 2540 tibi:

819 2574 921 2639 Ut
949 2580 1183 2642 contra
1207 2578 1266 2640 si
1295 2576 1451 2661 quis
1481 2575 1753 2653 sentiat,
1783 2574 1951 2639 nihil
1982 2575 2259 2640 sentiat.

819 2676 1102 2743 Caecilio
1133 2678 1428 2762 palmam
1458 2676 1682 2742 Statio
1715 2676 1802 2740 do
1833 2678 2121 2743 comico.

817 2777 1120 2844 Plautus„
1137 2777 1468 2843 secundus
1495 2777 1697 2843 facile
1724 2783 2084 2860 exsuperat
2110 2784 2393 2843 ceteros.

817 2879 996 2945 Dein
1025 2879 1338 2959 Naevius,
1367 2880 1481 2965 qui
1511 2884 1734 2945 servet
1761 2879 2074 2970 pretium,
2102 2879 2409 2944 tertiu’st.

818 2979 895 3047 Si
925 2980 1073 3060 erit,
1097 2980 1278 3063 quod
1306 2987 1570 3065 quart0,
1597 2979 1867 3046 dabitur
1896 2980 2179 3045 Licinio.

819 3082 986 3150 Post
1011 3084 1282 3169 insequi
1309 3085 1639 3149 Licinium
1665 3084 1845 3151 facio
1870 3080 2181 3147 Atilium.

821 3185 905 3249 In
935 3192 1130 3250 sexto
1162 3186 1464 3266 sequitur
1489 3184 1614 3249 hos
1643 3185 1795 3247 loco
1825 3182 2196 3247 Terentius.

817 3283 1163 3368 Turpilius
1193 3285 1570 3368 septimum,
1597 3280 1873 3347 Trabea
1901 3287 2214 3346 octavum
2240 3281 2528 3348 obtinet.

819 3382 1027 3449 Nono
1050 3383 1206 3448 loco
1234 3402 1388 3448 esse
1414 3382 1616 3447 facile
1644 3382 1826 3446 facio
1860 3382 2201 3447 Luscium.

815 3484 1176 3549 Decimum
1205 3482 1386 3549 addo
1417 3502 1631 3549 causa
1659 3482 2073 3565 antiquitatis
2102 3480 2413 3545 Ennium.

1246 3625 1554 3691 Velleius
1582 3623 1999 3702 Paterculus‚
2028 3623 2147 3689 lib.
2176 3640 2229 3689 1.

735 3744 1128 3831 Dulcesque
1158 3743 1385 3811 Latini
1425 3741 1677 3827 leporis
1719 3740 1987 3807 facetiae
2035 3760 2156 3826 per
2184 3738 2564 3822 Caecilinm,
2592 3740 2837 3807 Teren-

647 3847 973 3933 tiumque,
995 3854 1062 3913 et
1087 3846 1438 3912 Afranium
1464 3843 1743 3927 suppari
1772 3848 1980 3907 aetate
2008 3842 2365 3908 nituerunt.

1194 3980 1358 4046 Fab.
1388 3978 1772 4059 Quintilian.
1799 3976 1915 4041 lib.
1947 3995 2025 4042 x.
2056 3996 2205 4061 cap.
2236 3976 2296 4041 1„
2814 4054 2821 4063 Ι

738 4102 820 4166 In
863 4098 1218 4167 Comoedia
1261 4098 1552 4163 maxime
1597 4094 2094 4177 claudicamus3
2154 4093 2312 4159 licet
2355 4092 2577 4159 Varro
2634 4094 2838 4172 dicat,

652 4196 898 4269 Musas
926 4202 1093 4269 AElii
1137 4198 1408 4267 Stilonis
1452 4197 1781 4265 sententia
1812 4196 2124 4263 Plautino
2169 4213 2468 4261 sermone
2496 4194 2836 4260 locuturas
