3234 4934
1095 388 1192 437 ns
1237 386 1540 437 comicis
1583 386 1983 437 vnnsrsus.
2494 372 2625 442 169

434 530 810 611 appellatam.
867 529 988 590 Sed
1017 531 1092 590 ab
1112 528 1571 590 Atheniensibus
1600 548 1789 610 pagos
1813 548 1931 589 non
1964 530 2167 609 κώμας,
2192 546 2394 589 verum
2420 526 2625 608 δήμους

431 628 652 688 vocari.
733 626 1010 688 Similiter
1053 637 1116 688 et
1162 627 1452 707 quosdam
1500 626 1965 707 Peloponnesios
1996 625 2077 685 ait
2108 644 2279 685 suum
2307 624 2501 699 facere
2530 625 2625 683 in-

431 734 674 782 ventum
698 722 1092 803 Tragoediatn,
1131 721 1292 801 quod
1338 721 1557 782 fabulse
1600 721 1857 800 δράματα
1904 721 2201 789 dicantur,
2248 738 2383 781 cum
2422 731 2622 779 tamen

435 817 894 879 Atheniensibus
918 820 979 879 in
1007 838 1121 879 usu
1151 838 1268 878 non
1299 817 1379 879 sit
1402 819 1643 879 verbum
1670 818 1831 897 δρᾷν,
1880 816 1987 879 sed
2030 818 2316 896 πράττειν.
2400 813 2626 877 Ibidem

435 923 497 974 et
534 914 652 975 hoc
691 914 972 995 scriptum
999 926 1112 975 est.
1196 916 1292 975 Ab
1333 934 1408 975 eo
1449 915 1689 975 demum
1714 926 1975 995 tempore
2004 912 2327 973 Comoedise
2354 920 2627 971 auctores

437 1010 736 1084 celebrari,
783 1031 902 1090 quo
949 1012 1195 1072 formam
1218 1012 1321 1071 illa
1347 1021 1412 1072 et
1436 1012 1693 1091 speciem
1719 1009 2017 1090 quandam
2046 1017 2225 1069 nacta
2248 1008 2441 1080 fuerit,
2490 1026 2626 1067 cum

437 1107 722 1187 principio
749 1109 1004 1168 obscura
1031 1118 1213 1182 esset,
1240 1120 1300 1169 et
1319 1120 1589 1169 auctores
1616 1108 1801 1187 ipsius
1830 1106 2097 1168 laterent.
2160 1106 2281 1165 Sed
2303 1102 2629 1176 Comoedia,

437 1223 572 1283 quse
597 1204 808 1284 priscis
835 1206 1196 1285 temporibus
1223 1206 1285 1265 in
1313 1226 1424 1266 usu
1453 1206 1585 1278 fuit,
1628 1224 1748 1284 qua
1788 1202 2133 1263 nominatim
2176 1202 2238 1261 hi
2283 1212 2386 1262 aut
2410 1202 2629 1280 impro-

435 1302 545 1359 bos
589 1308 694 1359 aut
742 1300 1010 1361 inimicos
1055 1322 1195 1362 suos
1240 1302 1740 1381 perstringebanu
1780 1288 2111 1378 principum
2152 1299 2327 1358 etiam
2372 1297 2625 1356 virorum

433 1396 614 1455 vitam
643 1407 706 1457 et
729 1415 922 1457 mores
949 1397 1470 1476 reprehendentes,
1511 1398 1645 1457 hoec
1677 1396 1854 1476 igitur
1882 1394 2127 1473 antiqua
2155 1393 2315 1453 dicta
2337 1404 2450 1453 est.
2533 1392 2629 1451 De

437 1492 606 1570 cujus
633 1492 876 1553 licentia
901 1492 1280 1571 κωμωδεῖσθαι
1307 1496 1486 1575 vulgo
1507 1494 1707 1555 dixere
1730 1512 1855 1566 eos,
1878 1493 1981 1573 qui
2009 1490 2235 1570 probris
2262 1490 2629 1549 lacesseren-

437 1598 552 1647 tur.
633 1587 829 1667 Hujus
856 1598 1061 1648 auctor
1090 1588 1520 1650 vetustissimus
1549 1590 1883 1649 nominatur
1910 1587 2221 1667 Sannyrio.
2290 1584 2412 1645 Sed
2438 1587 2629 1647 excel-

369 1744 374 1751 ,
431 1683 621 1745 lentes
647 1685 834 1755 fuere,
861 1683 1220 1763 temporibus
1245 1685 1387 1745 belli
1415 1684 1854 1765 Peloponnesii,

679 1824 925 1906 Eupolis
952 1836 1130 1907 atque
1159 1826 1459 1902 Cratinus,
1487 1828 2033 1908 Aristophanesque
2059 1829 2273 1907 poetae.

441 1983 590 2043 Haec
621 1994 826 2062 postea
851 1984 967 2043 fuit
991 1993 1241 2055 mutata,
1269 2004 1404 2044 cum
1433 1984 1723 2057 dolerent,
1752 1997 1821 2045 ut
1844 1986 2037 2065 inquit
2062 1986 2361 2058 Horatius,
2384 1995 2629 2045 cruento

437 2077 616 2139 dente
643 2079 922 2139 lacessiti.
985 2081 1134 2140 Tum
1162 2098 1378 2141 nomen
1406 2081 1663 2141 obtinuit
1690 2080 1933 2156 Mediae,
1960 2100 2095 2160 quoe
2124 2080 2493 2142 dissimulato
2518 2098 2628 2139 no·

440 2175 598 2235 mine
623 2175 765 2236 vitia
793 2185 1020 2236 tantum
1047 2176 1374 2256 exagitaret
1398 2197 1414 2236 z

679 2350 1723 2369 .-..-.-..-.--—-...-...-..-..---
1751 2319 2087 2388 Quinetiam
2113 2317 2211 2379 lex

681 2414 986 2495 Poenaque
1012 2415 1156 2491 lata,
1184 2417 1344 2478 malo
1372 2436 1508 2498 ques
1534 2416 1725 2477 nollet
1752 2416 2011 2479 carmine
2039 2434 2376 2496 quenquam

674 2508 968 2573 Describi-

442 2657 641 2733 Atque
667 2654 862 2716 ferunt
891 2656 1145 2737 Eupolin
1174 2658 1234 2718 in
1267 2658 1412 2718 mari
1453 2660 1845 2731 submersum,
1892 2657 1967 2717 ab
2009 2656 2081 2717 iis
2120 2674 2271 2737 quos
2298 2649 2633 2717 maledictis

441 2751 714 2812 laesisset.
795 2752 944 2813 Tum
993 2754 1172 2834 igitur
1211 2754 1657 2835 Tragoediamm
1685 2756 1805 2816 fere
1832 2764 2181 2834 argumenta
2207 2752 2545 2812 detulerunt
2570 2752 2631 2809 in

443 2866 701 2920 scenam,
745 2858 970 2909 retexta
1021 2849 1098 2910 ad
1146 2836 1458 2912 ridiculum
1487 2850 1768 2911 modum:
1812 2851 2006 2930 deque
2031 2848 2147 2909 hoc
2176 2866 2391 2926 genere
2418 2845 2633 2907 chorus

443 2943 724 3021 paulatim
751 2944 1017 3004 defluxit.
1102 2947 1171 3004 In
1200 2966 1318 3025 quo
1343 2968 1470 3027 proe
1497 2947 1710 3008 ceteris
1740 2947 1933 3007 clarus
1977 2945 2090 3005 fuit
2132 2943 2307 3004 Plato
2351 2944 2633 3005 comicus.

448 3038 624 3099 Hanc
651 3049 858 3099 secuta
884 3048 978 3099 est
1005 3060 1164 3100 nova
1191 3042 1517 3112 Comoedia,
1561 3043 1624 3100 in
1670 3062 1789 3120 qua
1826 3042 2044 3119 primas
2072 3041 2261 3099 tenuit
2286 3037 2635 3109 Menander,

443 3136 702 3214 potiente
728 3155 921 3196 rerum
947 3137 1288 3198 Alexandro
1313 3156 1570 3219 magno:
1613 3148 1793 3219 atque
1817 3138 1951 3196 hoec
1976 3135 2221 3196 chorum
2249 3134 2489 3194 omnino
2515 3150 2635 3191 non

442 3229 642 3305 habet,
701 3232 808 3293 sed
857 3243 1068 3294 ornatu
1116 3235 1278 3295 vario
1328 3244 1389 3295 et
1434 3232 1749 3315 multiplici
1796 3250 2177 3313 personarum
2224 3228 2477 3308 insignis
2523 3237 2636 3288 est.

443 3329 640 3407 Atque
664 3327 798 3389 hoec
825 3320 1142 3391 indicanda
1165 3331 1416 3391 breviter
1443 3343 1506 3392 et
1533 3331 1781 3393 strictim
1807 3329 2035 3409 putavi,
2075 3328 2151 3387 de
2191 3326 2373 3417 initiis
2402 3344 2472 3385 ac
2499 3343 2637 3405 pro·-

445 3425 846 3503 gressionibus
872 3427 1196 3487 Comoedioe
1226 3428 1384 3508 apud
1416 3429 1685 3491 Graecos.
1770 3426 1947 3507 Apud
1978 3425 2216 3484 Latinos
2246 3431 2463 3494 autem,
2506 3441 2637 3483 ⁸0²·

445 3519 613 3580 nicos
654 3520 826 3582 ludos
875 3524 1178 3584 institutos
1221 3524 1404 3585 fuisse
1450 3526 1524 3587 C.
1568 3525 1666 3585 vel
1705 3533 1775 3583 ut
1812 3522 1972 3593 alibi,
2021 3521 2092 3580 T.
2122 3518 2383 3598 Sulpicio
2411 3517 2636 3578 Baetico

444 3614 563 3690 (vel
587 3623 656 3674 ut
680 3615 840 3689 alibi,
866 3618 1107 3705 Petico,
1121 3620 1260 3681 alibi
1289 3622 1528 3699 Potico)
1571 3623 1644 3683 C.
1674 3619 1898 3680 Licinio
1928 3618 2174 3678 Stolone
2202 3616 2378 3676 Coss,
2410 3615 2639 3674 notavit

446 3710 755 3770 Valerius:
797 3720 861 3771 et
881 3714 1162 3792 paulatim
1191 3716 1475 3777 ludicram
1503 3728 1690 3779 artem
1716 3714 1797 3777 ad
1823 3713 2135 3776 satirarum
2164 3710 2375 3772 modos
2402 3730 2636 3789 perrex-

445 3808 586 3880 isse,
636 3826 673 3867 a
718 3808 932 3888 quibus
978 3810 1202 3887 primus
1252 3814 1513 3873 omnium
1553 3816 1733 3894 poeta
1775 3812 1970 3871 Livius
2000 3809 2076 3869 ad
2107 3807 2435 3868 fabularum
2464 3824 2639 3884 argu-

445 3914 650 3965 menta
691 3905 1084 3985 spectantium
1128 3906 1334 3966 oculos
1376 3918 1439 3968 et
1479 3909 1709 3967 animos
1736 3904 2119 3967 transtulerit.
2200 3903 2412 3963 Cicero
2442 3910 2637 3960 autem

447 4002 700 4081 scripsit,
746 4000 976 4060 Livium
1022 4000 1273 4080 primum
1321 4003 1582 4064 omnium
1633 4002 1922 4063 Fabulam
1970 3998 2231 4070 dedisse,
2292 3996 2463 4054 annis
2514 3994 2637 4056 fere

448 4099 590 4157 410.
619 4107 758 4176 post
783 4096 1033 4158 Romam
1057 4095 1393 4159 conditam:
1435 4098 1595 4159 suere
1634 4110 1829 4159 autem
1874 4094 2151 4157 celebrati
2192 4091 2441 4171 primum
2487 4090 2639 4155 Ludi

452 4190 704 4253 Romani
747 4203 978 4272 patrum
1009 4202 1070 4253 et
1095 4193 1380 4273 equitum,
1421 4196 1520 4279 qui
1563 4205 1624 4255 et
1673 4194 1905 4274 Magni,
1944 4188 2235 4251 ludicrum
2279 4195 2473 4249 autem
2504 4188 2637 4269 equi
