3234 4934
625 398 755 467 180
1236 414 1667 465 somnians
1714 412 2211 466 GAMBRARIUS

627 570 646 601 ‘
668 564 804 623 Jam
832 559 891 621 hi
919 557 1046 619 am'
1089 565 1182 617 est
1227 556 1480 627 iambus,
1518 556 1613 615 vel
1660 554 1857 617 soluta
1896 556 2151 618 dictione
2193 558 2409 632 ‘Jam,'
2449 560 2544 621 vel
2582 568 2813 621 retenta
2896 597 2907 605 -

627 660 796 719 litera
825 678 904 716 m.

787 784 953 852 Quot
973 780 1174 861 pondo
1201 779 1436 838 tedesse
1463 798 1673 839 censes
1701 778 1947 852 nudum,
1978 800 2097 840 non
2126 780 2357 860 aedepol
2386 783 2531 844 sci0.
2630 812 2647 830 ·

788 879 897 938 Ille
925 896 1101 957 opere
1128 876 1269 934 foris
1298 874 1577 934 faciundo
1605 874 1802 935 lassus
1832 886 2013 937 noctu
2043 875 2299 937 advenit.

788 974 1146 1050 Quanquam
1175 970 1356 1029 invita
1383 980 1442 1028 te
1469 970 1706 1042 carebo,
1734 970 1989 1031 animuin
2018 992 2130 1051 ego
2160 972 2437 1034 inducam
2466 982 2691 1035 tamen.

787 1068 874 1126 Te
898 1066 1024 1125 heri
1048 1084 1140 1125 me
1169 1063 1404 1136 vidisse,
1433 1064 1532 1141 qui
1559 1064 1672 1124 hac
1696 1076 1874 1125 noctu
1906 1066 1964 1124 in
1996 1078 2225 1145 portum
2250 1068 2481 1129 advecti
2512 1088 2735 1130 sumus.

788 1161 1222 1240 Blepharonem
1251 1170 1317 1218 ut
1344 1179 1405 1219 re
1436 1160 1636 1219 divina
1664 1162 1823 1221 facta
1852 1182 2077 1223 mecum
2110 1164 2420 1243 prandeat.

791 1256 984 1316 Nimis
1009 1255 1166 1314 bella
1191 1275 1256 1315 es
1285 1264 1461 1333 atque
1491 1254 1781 1327 amabilis,
1819 1266 1881 1315 et
1908 1256 1958 1315 si
1986 1256 2101 1317 hoc
2130 1270 2291 1319 esset
2318 1279 2512 1319 meum
2538 1259 2736 1320 hodie.

632 1393 750 1464 Qui
775 1411 980 1452 versus
1008 1410 1214 1452 omnes
1243 1390 1513 1469 διαιρέσει
1546 1391 1827 1470 explicari
1873 1405 2175 1473 poterunt.
2258 1398 2600 1457 Contractio
2643 1397 2821 1479 sylla-

629 1492 836 1550 barum
875 1487 1127 1547 crebrior
1169 1496 1285 1544 est.
1365 1484 1442 1544 Et
1483 1494 1747 1563 apparet,
1787 1486 1973 1548 fuisse
2025 1488 2287 1569 linguam
2338 1492 2603 1552 Latinam
2630 1493 2821 1573 magis

631 1595 828 1666 aptam
857 1582 935 1642 ad
961 1599 1138 1641 voces
1165 1578 1490 1659 cogendas,
1541 1600 1721 1659 quam
1768 1581 2207 1644 distrahendas.
2293 1586 2425 1647 Hoc
2470 1587 2615 1647 illud
2645 1588 2823 1648 etiam

626 1680 872 1751 indicat,
912 1676 1072 1757 quod
1124 1675 1325 1735 retulit
1366 1675 1574 1736 Cicero
1622 1676 1726 1739 lib.
1780 1696 1857 1737 11.
1908 1678 1987 1739 de
2037 1680 2450 1741 Divinatione:
2494 1689 2512 1718 ‘
2538 1684 2690 1743 Cum
2733 1685 2824 1744 M.

635 1776 888 1836 Crassus
916 1770 1231 1834 exercitum
1262 1770 1584 1830 Brundusii
1611 1773 1957 1852 imponeret,
2000 1768 2241 1852 quidam
2270 1777 2353 1842 ,in
2396 1786 2569 1855 portu
2598 1778 2823 1839 caricas

635 1872 845 1931 Cauno
901 1870 1181 1930 advectas
1223 1865 1511 1940 vendens,
1549 1868 1848 1941 Cauneas,
1892 1868 2251 1931 clamitabat.
2358 1871 2685 1945 Dicamus,’
2732 1874 2825 1932 in-

634 1965 765 2046 quit
791 1966 1022 2039 Cicero,
1064 1970 1082 1997 ‘
1110 1964 1159 2023 si
1199 1963 1414 2042 placet,
1454 1965 1736 2023 monitum
1775 1966 1850 2024 ab
1880 1984 1954 2025 eo
1983 1967 2286 2040 Crassum,
2312 1977 2545 2027 caveret
2573 1988 2645 2027 ne
2672 1968 2837 2029 iret.'

635 2062 918 2123 Sonuisse
956 2060 1114 2119 enim
1158 2070 1402 2138 apparet
1447 2058 1616 2133 illud,
1659 2065 1677 2094 ‘
1702 2060 2003 2131 cauneas,’
2044 2073 2414 2121 contractum
2460 2060 2596 2136 hoc,
2638 2070 2656 2097 ⁸
2680 2082 2823 2124 cave

633 2180 710 2221 ne
736 2158 878 2219 eas.'
962 2158 1110 2215 Haec
1159 2154 1494 2213 indicantur
1538 2154 1875 2215 nominibus
1922 2160 2259 2237 συναλοιφῆς
2286 2167 2346 2216 et
2372 2160 2824 2239 ἐπισυναλοιφῆε.

637 2252 1016 2334 Synaloephe,
1061 2270 1198 2332 quoe
1241 2262 1302 2309 et
1344 2257 1661 2328 συναίρεσιι
1684 2252 1915 2328 proprie
1942 2260 2205 2324 vocatur,
2248 2270 2385 2311 cum
2412 2252 2549 2311 duoe
2578 2253 2824 2333 syllabae

633 2349 697 2407 in
723 2367 904 2408 unam
932 2345 1111 2407 veluti
1140 2344 1466 2405 confluunt.
1551 2344 1635 2402 Ut
1660 2343 1913 2403 Phoeton
1942 2342 2359 2420 δισσῦλλαβον,
2386 2366 2494 2426 pro
2522 2348 2825 2429 trisyllabo

636 2443 946 2503 Phaeton:

878 2553 1031 2612 Cum
1059 2562 1118 2612 te
1143 2550 1440 2630 dejectum
1468 2548 1696 2609 erudeli
1720 2550 1983 2624 fulmine,
2011 2551 2327 2614 Phaethon.

565 2700 572 2707 ’
637 2684 794 2741 Nam
820 2701 858 2741 a
883 2690 944 2741 et
970 2701 1003 2740 e
1031 2680 1236 2759 lingua
1262 2679 1472 2739 Latina
1495 2678 1932 2758 diphthongum
1961 2681 2206 2742 faciunt.
2272 2680 2527 2757 Deinde,
2556 2682 2824 2762 proinde,

637 2775 1038 2851 δισσυλλάβωι·
1064 2776 1302 2835 Lucret:
1373 2772 1641 2834 Tandem
1686 2774 1953 2835 coierunt
2001 2775 2407 2854 τρισυλλάβως.
2487 2778 2669 2851 Nihil,
2698 2779 2825 2839 nil:

635 2874 801 2947 mihi,
831 2874 945 2931 mi:
987 2872 1178 2943 mehe,
1223 2888 1357 2931 me:
1402 2869 1450 2931 si
1492 2869 1603 2942 vis,
1648 2867 1763 2929 κατ’
1800 2873 2057 2948 ἔκθλιψιν
2082 2891 2120 2930 ιι
2151 2891 2257 2951 pro
2284 2882 2671 2946 consonante,
2701 2875 2823 2941 sis;

634 2968 735 3028 ille
764 2978 825 3029 et
854 2968 1043 3039 terris,
1091 2965 1234 3027 illet.
1319 2965 1682 3045 Sceptroque
1732 2965 1959 3025 innisus
2006 2967 2301 3028 eburneo:
2343 2968 2585 3029 eburno.
2666 2966 2825 3029 Pen-

641 3062 787 3125 dent
814 3063 1014 3145 lychni
1040 3062 1414 3142 laquearibus
1442 3061 1635 3121 aureis
1659 3081 1675 3121 ς
1718 3060 2151 3135 δισσυλλάβωεε

879 3189 1053 3247 Libra
1081 3188 1199 3246 diei
1227 3189 1534 3263 noctisque
1559 3204 1733 3265 pares
1760 3187 1862 3245 ubi
1890 3187 2095 3247 fecerit
2120 3186 2318 3247 horas.

641 3315 795 3387 Diei,
823 3314 936 3385 vel,
963 3313 1082 3384 die,
1113 3314 1345 3373 duabus
1373 3312 1640 3392 syllabis.
1722 3312 1865 3370 Tale
1894 3322 1975 3386 et,
2001 3312 2105 3385 rei,
2136 3321 2545 3399 συνῃρημένωε.

723 3409 823 3468 Sic
869 3408 988 3482 Dii,
1033 3408 1112 3466 Di
1153 3418 1332 3467 sunt:
1373 3416 1437 3467 et
1476 3406 1562 3481 iit,
1609 3407 1697 3466 it:
1740 3407 2037 3487 periimus,
2080 3408 2378 3487 perimus:
2424 3412 2827 3494 ἐπισυναλοιφὴ

639 3512 838 3563 autem
879 3500 1114 3581 longius
1156 3510 1341 3581 patet,
1383 3521 1538 3574 cum,
1587 3500 2053 3581 qualescumque
2095 3504 2335 3582 vocales
2380 3506 2826 3584 contrahuntur,

641 3596 834 3676 deque
861 3596 1090 3658 duabus
1119 3597 1360 3678 syllabis
1389 3615 1510 3657 una
1543 3596 1649 3655 fit:
1692 3594 1854 3676 quod
1898 3615 2058 3676 saepe
2105 3598 2277 3659 nobis
2326 3602 2562 3661 mirifice
2604 3603 2826 3664 factum

641 3691 873 3755 videtur
894 3691 956 3752 in
983 3692 1192 3773 lingua
1217 3693 1432 3753 Groeca
1456 3703 1520 3754 et
1545 3692 1775 3766 Latina,
1816 3711 1950 3752 cum
1978 3694 2038 3754 in
2068 3712 2176 3753 sua
2202 3695 2326 3755 fieri
2368 3716 2540 3758 nemo
2568 3699 2829 3772 miretur,

641 3787 784 3869 quia
824 3789 1015 3849 minus
1057 3788 1412 3849 considerat.
1495 3787 1836 3848 Secundum
1880 3802 2075 3849 autem
2104 3788 2464 3853 diversarum
2492 3792 2825 3873 linguarum

641 3893 910 3943 naturam
932 3884 1242 3944 diversitas
1267 3884 1326 3942 in
1354 3883 1449 3943 his
1473 3892 1584 3944 est.
1641 3883 1760 3943 Sed
1782 3885 2055 3963 exempla
2076 3886 2523 3969 ἐπισυναλοιφῆε,
2546 3887 2622 3947 ad
2646 3906 2825 3965 quam

642 3979 883 4057 quidem
909 3989 970 4037 et
993 3981 1242 4055 ἔκθλιψιε
1269 3989 1328 4039 et
1357 3982 1646 4051 σννὶἃησιε
1672 3979 1999 4053 referenda,
2024 3981 2155 4042 hoec
2186 3991 2362 4042 sunt:
2405 3982 2537 4056 fuit,
2564 4002 2682 4042 una
2709 3982 2828 4063 syl-

642 4072 798 4137 laba.
879 4076 1112 4137 Luci-et.
1139 4075 1243 4137 lib.
1276 4095 1339 4136 v.

1205 4188 1285 4248 Et
1311 4186 1571 4249 ambiens
1602 4160 1788 4249 multa
1817 4188 2089 4267 perussit.
