3234 4934
571 408 704 476 248
1249 416 1633 467 musanus
1678 418 2099 467 nummus

655 562 856 643 Negat
880 562 1046 640 quis!
1075 558 1248 641 nego,
1269 558 1372 633 ait,
1399 558 1513 619 aio.
1746 556 1867 617 Sed
1894 556 2108 617 ostium
2136 553 2496 635 concrepuit.

657 656 987 727 EnimverO,
1007 656 1195 727 Dave,
1213 654 1292 713 nil
1318 653 1432 713 loci
1451 663 1561 713 est.
1753 650 1987 711 Nemini
2017 650 2185 730 plura
2212 651 2446 709 acerba.

655 754 895 813 Habent
919 749 1248 829 despicatu.
1760 746 1919 815 Quid
1942 744 2155 825 ignave
2181 744 2476 825 peniculo,

658 848 842 908 Dolet
865 846 1089 907 dictum
1117 844 1490 924 imprudenti.
1760 843 1881 903 Sed
1908 852 2079 903 estne
2104 840 2205 901 ille
2232 852 2454 901 noster.

653 943 846 1003 Adest
872 940 1091 1022 6ptime
1120 942 1266 1019 ipse.
1760 936 1979 998 Tamen
2009 936 2106 996 vix
2132 937 2405 996 humane.

659 1040 866 1099 Solent
891 1036 1022 1099 esse
1050 1037 1111 1096 id
1142 1056 1262 1096 non
1293 1036 1378 1095 fit.
1770 1032 1956 1093 Tacet
1980 1034 2086 1093 cur
2114 1053 2234 1093 non
2258 1030 2424 1091 ludo.

659 1132 820 1207 Quid
851 1132 989 1193 huic
1016 1131 1114 1194 bic
1145 1132 1421 1213 negotist.
1772 1130 1955 1190 Jubet
1982 1126 2206 1189 frater?
2246 1127 2346 1187 ubi
2374 1128 2424 1185 is
2452 1136 2566 1185 est.
2664 1174 2673 1183 .

657 1228 913 1289 Student
939 1226 1155 1289 facere.
1768 1226 1985 1321 Omnia
2011 1224 2216 1285 omnes
2244 1223 2343 1283 ubi
2366 1222 2721 1283 resciscunt.

581 1370 735 1443 Hoc,
763 1380 831 1431 ut
855 1370 1044 1443 vides,
1071 1369 1327 1431 Terentii
1362 1367 1655 1449 judicium
1696 1378 1859 1436 erat;
1904 1379 1971 1428 ut
2002 1368 2064 1428 in
2092 1368 2279 1447 primo
2306 1368 2427 1427 sere
2454 1364 2605 1445 pede
2634 1384 2765 1424 ver-

579 1484 704 1537 sus,
729 1466 829 1526 ubi
867 1467 1122 1544 paratior
1149 1465 1322 1525 venia
1363 1477 1476 1535 est,
1525 1463 1761 1523 licentia
1788 1462 1895 1522 illa
1920 1472 2223 1523 uteretur:
2265 1461 2487 1521 idcirco
2514 1478 2767 1519 excusa·

577 1560 710 1631 tior,
735 1560 898 1638 quod
924 1578 1044 1619 non
1073 1560 1201 1638 ipse
1241 1578 1370 1619 eam
1407 1558 1631 1638 primus
1680 1556 1979 1627 intulerit:
2024 1556 2131 1618 sed
2170 1576 2207 1616 a
2232 1555 2471 1627 Plauto,
2502 1554 2767 1627 Caecilio,

575 1654 902 1733 ceterisque
931 1666 1056 1715 tum
1081 1655 1142 1715 in
1172 1674 1354 1715 scena
1367 1654 1751 1733 regnantibus
1770 1663 2076 1732 acceptam
2098 1652 2420 1713 retinuerit.
2504 1650 2769 1710 Licentia

576 1758 732 1809 certe
773 1762 932 1819 erat;
989 1761 1052 1810 et
1099 1749 1348 1831 indigna
1403 1751 1575 1823 forte,
1629 1750 1725 1811 cui
1776 1748 2015 1809 Romuli
2070 1759 2315 1829 nepotes
2366 1746 2765 1826 indulgerent.

577 1842 756 1917 Nam,
783 1846 886 1923 qui
913 1844 1088 1907 hodie
1133 1865 1254 1906 non
1295 1846 1576 1907 Comicos
1618 1855 1848 1907 veteres
1894 1854 2259 1917 excusatum,
2304 1842 2411 1903 sed
2456 1842 2767 1903 defensum

577 1948 760 2006 eunt:
804 1942 908 2019 qui
943 1943 1163 2005 fontem
1193 1944 1278 2004 rei
1315 1962 1675 2022 causamque
1714 1952 1775 2002 et
1810 1942 2095 2021 originem
2122 1938 2513 2020 deprendisse
2542 1956 2607 1998 se
2636 1936 2767 2017 glo-

575 2032 840 2105 riantur:
891 2040 1234 2119 popularem
1281 2037 1510 2101 seilicet
1555 2048 1700 2098 tunc
1750 2038 2027 2116 temperis
2054 2032 2469 2116 pronuntiandi
2498 2052 2765 2093 morem:

579 2136 646 2189 ut
671 2148 918 2193 necesse
965 2134 1141 2194 fuerit
1185 2134 1448 2206 comicis,
1495 2153 1630 2212 quoe
1681 2134 1860 2195 verba
1906 2130 2199 2193 communi
2245 2130 2457 2191 civium
2496 2146 2767 2188 sermone

578 2226 788 2304 spretis
813 2229 1278 2289 consonantibus
1306 2226 1510 2307 rapide
1537 2225 1950 2299 efferebantur,
1970 2246 2043 2285 ea
2069 2227 2246 2284 verba
2272 2224 2331 2283 in
2355 2225 2477 2283 suis
2503 2222 2765 2293 Fabulis,

578 2336 714 2397 quae
741 2320 1132 2385 audiebantur
1159 2322 1402 2393 scilicet,
1421 2340 1540 2379 non
1561 2320 1927 2398 legebantur,
1948 2318 2272 2395 corripere=
2304 2338 2401 2377 noe
2414 2316 2499 2375 illi
2515 2334 2768 2396 operoso

575 2424 796 2474 conatu
853 2416 995 2476 nihil
1050 2417 1278 2489 dicunt,
1333 2416 1684 2497 pollicentes
1736 2434 1955 2495 magna
2008 2413 2152 2475 nihil
2210 2414 2521 2475 extricant.
2606 2410 2767 2481 Quid

579 2509 782 2569 enim?
825 2510 876 2570 si
903 2530 1052 2573 usus
1075 2521 1202 2572 tum
1227 2511 1444 2573 civium
1466 2510 1815 2585 communis,
1904 2550 1920 2560 -

741 2634 933 2703 Quem
961 2654 1144 2717 penes
1173 2636 1473 2698 arbitrium
1500 2650 1595 2698 est
1619 2648 1681 2697 et
1700 2636 1800 2717 jus
1828 2644 1891 2697 et
1913 2654 2119 2696 norma
2140 2635 2446 2715 loquendi,

579 2754 840 2835 syllabas
861 2756 938 2820 de
965 2759 1181 2838 quibus
1209 2760 1402 2840 agitur
1445 2758 1656 2838 raptim
1698 2757 2151 2837 pronuntiabat;
2183 2756 2309 2836 jam
2356 2776 2473 2819 non
2515 2757 2773 2817 comico·

577 2869 707 2911 rum
734 2853 829 2911 vel
857 2854 1097 2916 licentia
1122 2856 1216 2917 vel
1243 2856 1463 2915 crimen
1502 2864 1615 2928 est,
1660 2854 1760 2932 qui
1787 2854 1934 2914 mori
1956 2855 2431 2933 obtemperantes
2457 2870 2560 2912 eas
2586 2852 2769 2911 corri-

577 2946 855 3029 piebant;
887 2951 993 3011 sed
1022 2952 1342 3032 epicorum,
1359 2952 1460 3031 qui
1489 2972 1600 3012 usu
1631 2951 1997 3030 improbante
2015 2948 2442 3029 producebant.
2526 2946 2769 3007 Mutan-

577 3050 678 3101 tur
703 3052 935 3106 tantum
963 3046 1081 3115 rei:
1135 3048 1349 3108 crimen
1397 3048 1592 3127 ipsum
1642 3066 1759 3107 non
1809 3046 2057 3107 eluitur.
2100 3056 2205 3103 aut
2250 3043 2313 3104 hi
2358 3053 2463 3105 aut
2504 3042 2588 3101 illi
2628 3051 2771 3103 sunt

579 3138 775 3217 culpoe
802 3140 1148 3204 damnandi.
1231 3144 1460 3213 Quibus
1503 3152 1702 3201 autem
1744 3140 1924 3219 culpa
1962 3140 2205 3213 haeoeat,
2248 3138 2400 3198 scitu
2428 3136 2768 3197 facillimum

581 3239 694 3291 est.
779 3233 1040 3295 Priorem
1086 3238 1169 3309 in,
1220 3238 1341 3308 ille,
1395 3248 1475 3309 et,
1529 3256 1686 3309 esse,
1735 3245 2075 3296 constanter
2126 3232 2530 3315 producebant
2572 3232 2766 3310 epici;

583 3326 802 3386 Noster
830 3328 1124 3389 interdum
1161 3331 1420 3411 corripit,
1467 3332 1686 3411 soepius
1733 3328 2039 3408 producit:
2084 3326 2244 3407 quod
2288 3326 2337 3386 si
2388 3338 2546 3386 recte
2594 3336 2653 3384 et
2692 3344 2768 3384 ex

582 3442 696 3482 usu
724 3424 983 3504 corripit,
1007 3435 1176 3485 tanto
1199 3427 1438 3505 saepius,
1468 3427 1606 3485 dum
1638 3425 1856 3504 saepius
1885 3421 2175 3503 producit,
2203 3432 2431 3501 peccat.
2497 3421 2767 3500 Propter,

583 3518 741 3672 apug
770 3519 971 3673 espicos
997 3540 1232 3601 semper
1257 3521 1448 3603 priore
1487 3521 1671 3601 longa
1695 3529 1828 3583 est:
1872 3520 2091 3580 Noster
2118 3517 2299 3579 semel
2325 3516 2585 3595 corripit,
2608 3515 2767 3576 And.

583 3632 663 3673 11.
736 3655 753 3674 .
827 3656 842 3674 .

905 3722 1150 3805 Propter
1175 3726 1433 3807 hospitai'
1456 3726 1704 3807 hujusce
1731 3724 2239 3787 consuetudinem.

587 3820 652 3879 Si
681 3818 796 3879 hoc
833 3838 908 3879 ex
934 3823 1364 3885 consuetudine
1387 3822 1548 3903 vulgi
1569 3844 1588 3892 ς
1634 3841 1741 3882 cur
1767 3822 1923 3883 intra
1949 3820 2247 3881 decimum
2270 3838 2522 3891 versum,
2550 3828 2612 3880 et
2636 3817 2767 3878 ubi-

587 3935 703 3995 que
725 3915 893 3989 alias,
921 3917 1234 3997 producit?

831 4044 929 4104 Nil
957 4042 1195 4126 propter
1221 4045 1376 4108 hanc
1405 4069 1422 4107 z
1467 4047 1572 4109 sed
1601 4056 1695 4107 est
1718 4044 1881 4125 quod
1908 4052 2219 4105 succenset
2246 4040 2367 4100 tibi.

593 4153 814 4217 Eadem
869 4155 1224 4238 reliquorum
1270 4158 1418 4221 ratio
1466 4170 1591 4220 est:
1636 4157 1848 4239 quibus
1905 4156 2076 4216 venia
2129 4150 2387 4233 quidem,
2442 4149 2767 4241 praesertim
