3234 4934
1365 417 1784 468 ramnum.
2574 405 2663 471 25

469 560 904 642 denbrogius,
931 558 1050 643 qui
1073 557 1332 624 Faiirno
1361 561 1691 627 successit
1716 581 1779 625 a.
1812 561 2003 628 1602.
2034 562 2335 646 inprimis
2358 583 2529 628 usus
2556 572 2663 630 est
2752 590 2757 595 ·

471 665 704 730 codice
740 661 878 726 ΜΒ.
908 649 1564 746 bibliothecoe'regiae
1595 664 2023 742 parisiensis,
2070 683 2329 746 magnae
2370 665 2661 748 antiqui-

471 769 628 832 tatis
651 773 722 830 et
746 764 1093 840 bonitatis,
1129 763 1200 828 in
1231 783 1371 848 quo
1396 764 1692 830 Terentii
1734 767 1959 848 imago
1997 767 2271 850 antiqua
2298 785 2503 832 manu
2544 767 2661 832 de-

471 870 658 952 picta
697 874 869 933 erat.
957 865 1086 930 Est
1122 867 1404 934 fortasse
1447 869 1670 933 codex
1720 869 1915 934 7839.
1958 870 2031 934 in
2074 868 2292 934 Catal.
2334 868 2661 934 Biblioffi.

475 968 642 1052 Reg.
675 967 1040 1034 parisiens.
1071 966 1244 1035 Mss.
1277 968 1580 1034 Latinor.
1626 970 1707 1034 Τ.
1760 987 1856 1035 ιν.
1908 971 2025 1034 ubi
2056 971 2308 1036 Soeculi
2354 987 2467 1038 1X.
2508 989 2659 1037 esse

473 1071 738 1147 dicitur,
771 1076 841 1135 et
865 1067 1142 1136 scholiis
1169 1071 1552 1148 instructus,
1571 1072 1657 1136 de
1689 1072 1931 1157 quibus
1962 1073 2127 1139 nihil
2153 1073 2337 1157 apud
2366 1074 2659 1138 Linden-

471 1173 792 1254 brogium.
881 1171 1074 1236 Idem
1101 1172 1216 1236 ille
1243 1173 1396 1238 aliis
1434 1172 1625 1238 libris
1660 1174 1927 1258 scriptis
1956 1193 2148 1240 usum
2176 1195 2251 1240 se
2272 1195 2423 1240 esse
2454 1182 2661 1240 testa-

465 1281 598 1353 tur,
628 1277 748 1362 qui
777 1283 1004 1340 tamen
1033 1292 1266 1357 parum
1289 1274 1714 1358 profuerant3
1760 1295 1918 1342 nam
1960 1283 2027 1341 et
2054 1278 2453 1342 recentiores
2472 1285 2663 1345 erant

471 1385 542 1441 et
569 1377 811 1442 leviter
838 1376 1208 1442 variabant.
1303 1375 1707 1442 Franciscns
1750 1376 1939 1442 Hare
1982 1379 2173 1442 1714.
2214 1378 2515 1447 adhibuit
2544 1399 2661 1444 su-

472 1478 876 1562 pellectilem
927 1497 1016 1542 ex
1061 1476 1371 1542 tredecim
1429 1477 1781 1544 codicibus
1827 1477 2241 1562 Anglicanis,
2290 1479 2363 1542 in
2413 1480 2661 1563 quibus

472 1580 704 1664 plures
761 1580 1060 1645 melioris
1095 1584 1274 1645 notae
1320 1583 1528 1658 erant,
1573 1599 1618 1644 a
1664 1580 1887 1648 Nicol.
1974 1580 2235 1664 Clagett
2290 1581 2661 1647 collectam.

475 1679 638 1746 Vid.
669 1681 1060 1747 Praesation.
1105 1681 1386 1746 editioni
1428 1683 1757 1765 proemiss.
1788 1701 1943 1766 pag.
1976 1699 2198 1748 xxlv.
2282 1681 2665 1749 westerho-

470 1782 586 1848 vio
615 1782 706 1848 ad
749 1782 1210 1848 adornandam
1236 1801 1427 1848 suam
1457 1782 1821 1850 editionem
1850 1785 2039 1851 1726.
2066 1787 2359 1869 quinque
2389 1785 2661 1851 codices

468 1884 828 1950 Leidenses
843 1891 1092 1968 praesto
1119 1892 1307 1951 erant
1334 1893 1586 1969 praeter
1611 1887 1814 1965 alios,
1843 1907 2019 1972 quos
2063 1887 2337 1954 adducit
2368 1887 2435 1952 in
2467 1886 2655 1953 Prae-

469 1985 588 2052 fat.
675 1987 1022 2052 Bentleius
1051 1987 1330 2054 editioni
1355 2007 1500 2053 suoe
1520 1986 1841 2054 cantabr.
1868 1995 1933 2054 et
1962 1989 2244 2056 londin.
2272 1989 2464 2054 1726.
2492 1987 2659 2053 Am-

469 2088 625 2156 stel.
653 2088 845 2154 1727.
876 2089 1182 2172 repetitas
1221 2089 1476 2174 Lipsiae
1520 2091 1711 2157 1791.
1740 2092 2005 2158 brevem
2038 2092 2364 2175 praemisit
2402 2090 2661 2155 Praefa-

471 2189 740 2268 tionem,
767 2210 924 2273 qum
949 2196 1172 2256 narrat
1197 2191 1522 2274 plurimos
1567 2211 1645 2256 se
1686 2192 1963 2258 codices
1998 2195 2281 2277 scriptos
2314 2191 2663 2258 Cantabri·

469 2292 730 2372 gienses
783 2301 858 2357 et
905 2291 1362 2358 Londinenscs
1409 2294 1497 2361 ad
1543 2294 1906 2362 editionem
1950 2295 2125 2362 banc
2178 2295 2549 2360 contulisse
2582 2297 2664 2358 et

468 2396 805 2478 exegisse,
849 2401 916 2460 et
957 2396 1024 2460 in
1055 2395 1259 2460 Notis
1309 2397 1701 2462 nominatim
1747 2398 2153 2482 appellasse.
2242 2396 2361 2462 Uti
2406 2413 2659 2474 omnes,

468 2517 638 2581 quos
667 2497 992 2562 hactenus
1018 2497 1318 2574 laudavi,
1343 2497 1637 2564 editores
1664 2499 1957 2578 codices,
1992 2520 2165 2583 quos
2192 2499 2657 2576 adhibuerunt,

468 2601 860 2666 brevissime
883 2600 1263 2666 indicarunt
1289 2607 1357 2666 et
1383 2602 1829 2686 appellarunt,
1856 2623 1993 2668 non
2016 2604 2531 2687 descripserunt,
2560 2602 2659 2666 ita

470 2702 670 2767 etiam
719 2704 1134 2787 impertimus
1181 2701 1476 2768 Terentii
1532 2703 1769 2782 editor,
1826 2704 2398 2787 ingeniosissimus
2442 2702 2662 2768 Bothe

471 2803 664 2870 1806.
687 2805 918 2870 labore
945 2811 1256 2870 accurate
1285 2805 1565 2871 codices
1591 2825 1759 2872 suos
1804 2805 2219 2872 describendi
2263 2803 2659 2888 supersedit.

469 2904 676 2986 Quod
704 2906 792 2971 ad
821 2907 1058 2972 horum
1085 2927 1286 2992 unum
1325 2909 1576 2985 attinet,
1622 2927 1863 2992 nempe
1910 2909 2205 2972 codicem
2232 2908 2391 2972 olim
2415 2906 2658 2972 acade-

469 3009 626 3076 mim
681 3008 1272 3088 Helmstadiensis,
1315 3010 1530 3075 otium
1571 3010 1711 3093 ipsi
1752 3009 2002 3074 fecerat
2038 3007 2109 3072 J.
2144 3008 2395 3072 Facius
2423 3009 2494 3072 in
2520 3009 2659 3073 col-

469 3111 714 3176 latione
753 3111 948 3198 hujus
999 3111 1260 3178 codicis
1301 3111 1548 3177 inserta
1588 3111 1673 3176 T.
1721 3110 1803 3177 C.
1837 3110 2139 3176 Harlesii
2168 3108 2424 3192 Opusc.
2464 3107 2658 3174 Varii

469 3211 744 3294 Argum.
775 3213 980 3280 Halae
1009 3214 1204 3279 1773.
1233 3234 1302 3298 p.
1331 3213 1701 3280 214—386.

555 3313 1030 3381 consideranti
1071 3314 1234 3380 mihi
1273 3317 1504 3381 horum
1551 3315 1863 3382 codicum
1894 3313 2269 3397 catalogum
2305 3313 2661 3397 probabile

468 3422 590 3498 cst,
621 3417 878 3483 nullum
908 3418 1156 3502 glossis
1186 3417 1300 3482 vel
1316 3417 1594 3483 scholiis
1619 3419 2011 3482 instructum
2044 3434 2219 3492 esse,
2240 3417 2401 3500 quia
2422 3415 2655 3481 horum

469 3540 603 3585 non
628 3539 952 3606 expressa
979 3519 1230 3586 mentio
1249 3519 1432 3585 sacta
1451 3525 1578 3586 ost.
1666 3517 1923 3584 Verum
1944 3519 2279 3583 enimvero
2296 3515 2477 3582 idem
2504 3517 2657 3584 aliis

471 3622 822 3688 codicibus
891 3624 1156 3688 evenire
1209 3623 1455 3706 potuit,
1515 3619 1697 3704 quod
1754 3620 1981 3685 codici
2041 3619 2391 3697 Bembino‚
2455 3638 2656 3702 quem

475 3722 778 3789 Faernus
791 3725 1090 3790 omnium
1108 3724 1637 3808 antiquissimum
1662 3730 1735 3788 et
1754 3722 2374 3806 praestantissimum
2390 3721 2653 3798 habuit,
2700 3753 2703 3756 ⁴

467 3825 730 3891 factum
758 3833 884 3891 est.
971 3825 1172 3904 Nam,
1191 3829 1316 3891 etsi
1345 3823 1693 3890 Victorius
1733 3826 1801 3889 in
1825 3823 2227 3889 Praefatione
2266 3823 2353 3888 de
2378 3821 2660 3888 scholiis

469 3928 628 3994 hnic
655 3927 878 3994 codici
907 3927 1222 4010 ascriptis
1255 3926 1422 3991 nihil
1468 3926 1800 4003 admonet,
1842 3931 2093 3990 certum
2136 3932 2359 3990 tamen
2403 3931 2511 3989 est
2556 3925 2655 3991 ibi

465 4031 728 4112 reperiri
770 4049 860 4096 ex
901 4030 1079 4114 ipsis
1127 4028 1334 4095 Notis
1386 4027 1648 4107 Faerni,
1692 4028 1809 4111 qui
1858 4027 1947 4092 ad
1977 4025 2348 4092 Heautont.
2376 4025 2559 4090 Prol.
2588 4029 2653 4093 4.

470 4133 568 4198 ait
608 4137 630 4167 ‘
661 4134 732 4198 in
760 4131 936 4198 libro
967 4132 1322 4209 Bembino,
1361 4137 1438 4198 ut
1465 4151 1582 4215 per
1609 4149 1839 4197 omnes
1866 4128 2033 4193 alias
2078 4125 2495 4205 Comoedias,
2538 4145 2655 4193 an-

469 4233 850 4318 tiquissima
874 4253 1082 4308 manu
1111 4234 1514 4318 glossemata
1540 4251 1633 4303 ex
1662 4233 1937 4298 Donato
1962 4231 2030 4294 in
2050 4228 2339 4312 margine
2364 4231 2655 4315 ascripta
