3234 4934
579 364 708 431 168
1182 377 1625 428 sumamus
1664 376 2163 428 wmarus

579 526 758 587 venit.
844 524 1004 585 Nihil
1047 536 1240 586 autem
1287 535 1410 585 tam
1457 534 1552 585 est
1599 524 1955 597 abstrusum,
2004 523 2079 583 de
2124 542 2243 602 quo
2283 540 2401 583 non
2444 523 2687 604 aliquid,
2713 526 2767 586 si

579 623 799 702 saepius
827 633 888 683 et
914 622 1176 683 studiose
1203 622 1560 701 exquiratur,
1601 620 1727 680 erui
1774 638 1950 699 posse
1992 620 2351 699 sperandum
2396 622 2511 683 sit:
2552 621 2616 683 τὸ
2658 626 2771 701 γὰρ

583 720 948 795 ἒητοῦμενον,
988 718 1184 797 inquit
1226 717 1576 795 Sophoclea,
1619 718 1865 788 ἁλωτὸν,
1912 718 2168 797 ἐκφεῦγει
2216 716 2280 776 δὲ
2326 718 2770 797 τάμελούμενον.

583 814 788 873 Minus
818 825 1014 874 autem
1042 824 1200 874 certe
1221 824 1391 893 turpe
1411 822 1526 885 est,
1555 814 1615 871 in
1639 832 1711 873 eo
1736 832 1769 871 a
1791 832 1911 893 quo
1931 814 2395 893 quamplurimos
2423 814 2771 893 magnitudo

583 918 647 969 et
671 910 1000 969 obscuritas
1029 908 1394 981 deterruerit,
1433 909 1813 987 quantumvis
1840 908 2127 982 modicos,
2178 928 2355 988 quam
2382 910 2613 970 illorum
2641 930 2774 970 ves-

583 1007 743 1085 tigiis
786 1007 1154 1067 insistentem
1196 1004 1392 1064 nullos
1439 1024 1789 1085 progressus
1838 1004 2073 1065 fecisse.
2158 1006 2222 1065 Si
2274 1016 2472 1066 tamen
2501 1016 2595 1065 est
2620 1006 2773 1067 adeo

584 1102 766 1185 digna
793 1122 909 1175 res,
952 1103 1052 1162 ubi
1078 1103 1208 1183 quis
1239 1120 1450 1162 nervos
1477 1102 1749 1163 intendat
1776 1121 1939 1175 suos,
1980 1112 2049 1162 ut
2073 1101 2155 1161 ait
2181 1102 2510 1163 Terentius.
2596 1101 2774 1170 Quod

469 1250 488 1263 ,
585 1198 820 1279 quidem
852 1200 936 1258 ita
963 1218 1096 1259 esse
1123 1199 1293 1258 nobis
1341 1216 1687 1277 persuasum
1722 1209 1836 1273 est,
1876 1210 1938 1259 et
1965 1208 2279 1260 senserunt
2305 1218 2510 1259 omnes
2537 1200 2639 1277 qui
2666 1198 2775 1257 ali-

586 1313 766 1372 quam
794 1296 1010 1355 famam
1038 1293 1382 1355 eruditionis
1411 1294 1710 1355 literarum
1738 1303 1798 1354 et
1842 1294 2127 1355 doctrinae
2172 1295 2477 1355 consecuti
2518 1294 2773 1354 suerunt.

587 1390 741 1449 Cum
769 1390 1004 1470 quidem
1031 1410 1151 1449 non
1181 1390 1370 1449 solum
1408 1390 1617 1449 bestiae
1648 1389 2091 1450 demulceantur
2118 1410 2429 1451 numeroso
2455 1408 2624 1462 sono,
2666 1389 2777 1449 sed

587 1485 933 1545 solitudines
976 1486 1154 1545 etiam
1199 1494 1374 1563 atque
1420 1484 1604 1565 sylvae
1648 1483 1821 1562 quasi
1862 1484 2207 1557 afficiantur,
2252 1486 2337 1545 ita
2378 1484 2779 1565 respondeant

582 1568 964 1640 carminibus·
1046 1581 1164 1648 Qui
1206 1581 1514 1640 Musarum
1543 1580 1822 1658 reliquias
1850 1579 1909 1637 in
1938 1598 2082 1638 cura
2104 1581 2390 1639 bonarum
2416 1580 2627 1640 artium
2656 1600 2777 1640 non

589 1676 995 1754 amplectetur,
1036 1675 1132 1735 vel
1159 1675 1336 1734 etiam
1357 1684 1718 1745 contemnet,
1761 1694 1895 1733 eum
1922 1694 2031 1733 nos
2058 1673 2298 1753 quidem
2326 1675 2499 1734 nimis
2528 1686 2631 1734 aut
2656 1676 2780 1735 fas-

588 1771 866 1830 tidiosum
891 1783 996 1831 aut
1019 1773 1332 1831 barbarum
1361 1790 1598 1851 quoque
1628 1788 1759 1831 esse
1780 1770 2201 1849 judicabimus.
2286 1772 2413 1830 Etsi
2440 1772 2691 1831 fatemur
2718 1772 2777 1831 in

589 1867 704 1927 hac
734 1879 900 1947 parte
927 1887 1444 1950 supervacaneum,
1493 1877 1554 1927 et
1589 1867 1650 1927 in
1678 1866 1937 1947 quodam
1966 1867 2317 1927 inconcesso
2346 1886 2544 1927 amore
2572 1868 2782 1928 Musa-

591 1983 720 2022 rum
761 1964 1036 2023 insanum
1063 1964 1324 2023 studium
1352 1962 1614 2042 impendi
1644 1981 1765 2023 non
1792 1972 2081 2041 oportere,
2122 1982 2221 2035 ne,
2269 1972 2587 2042 sequentes
2614 1965 2782 2023 volu-

587 2078 717 2119 cres
743 2058 901 2132 illas,
927 2058 1044 2118 hoc
1071 2058 1322 2138 remigio
1344 2059 1635 2132 destituti,
1664 2071 1729 2119 ut
1758 2058 1832 2119 de
1861 2058 2149 2140 Pyrenaeo
2176 2059 2395 2119 sabuloe
2422 2059 2685 2134 tradunt,
2720 2061 2781 2119 in

590 2155 829 2214 exitium
856 2174 965 2214 nos
993 2156 1445 2233 praecipitemus.

673 2251 795 2311 Sed
823 2251 900 2311 ad
929 2270 1052 2312 rem
1081 2252 1434 2312 accedamus
1461 2270 1476 2309 ε
1519 2268 1715 2329 pauca
1741 2251 1979 2329 quidem
2009 2253 2181 2329 quasi
2214 2251 2443 2332 proefati
2472 2252 2549 2313 de
2573 2250 2783 2313 horum

594 2348 942 2426 scriptorum
972 2367 1208 2427 genere.
1267 2347 1542 2409 Comicus
1571 2348 1750 2427 poeta
1775 2347 1889 2406 fuit
1916 2346 2186 2407 Plautus.
2249 2347 2558 2407 Comoedia
2586 2356 2783 2407 autem

595 2452 690 2501 est
713 2445 926 2521 poema
954 2442 1312 2520 δραματικὸν,
1341 2442 1456 2502 hoc
1483 2452 1596 2515 est,
1624 2443 1912 2521 expositio
1941 2462 2271 2516 numerosa,
2303 2442 2365 2502 id
2393 2453 2506 2517 est,
2532 2444 2786 2504 carmine

594 2536 1035 2617 comprehensa,
1079 2551 1142 2599 et
1181 2540 1241 2598 in
1289 2540 1581 2599 actionem
1630 2539 1936 2620 implicita,
1980 2560 2087 2600 seu
2128 2541 2349 2601 collata
2387 2540 2450 2599 in
2476 2559 2787 2621 personas,

598 2635 927 2711 argumenti
958 2634 1098 2704 ficti,
1142 2636 1219 2695 de
1247 2638 1442 2708 rebus,
1469 2638 1729 2708 casibus,
1758 2638 2010 2715 negotiis
2040 2637 2247 2699 sumtis
2270 2658 2305 2697 e
2331 2637 2453 2697 vita
2472 2637 2788 2709 communi,

597 2740 659 2789 et
701 2731 870 2808 quasi
919 2730 1280 2810 quotidianis
1321 2731 1571 2792 eventis.
1660 2730 1793 2791 Hoc
1839 2734 2110 2792 carminis
2156 2752 2345 2812 genus
2374 2731 2450 2791 de
2476 2731 2791 2811 Tragoedia

597 2824 786 2897 fluxit,
829 2836 898 2886 ut
943 2827 1224 2887 Horatius
1272 2827 1498 2901 docuit,
1540 2828 1643 2907 qui
1692 2828 1953 2909 Thespia
1998 2828 2141 2889 dicit
2182 2829 2479 2889 invenisse
2519 2828 2789 2907 ignotum

601 2939 788 2999 genus
817 2924 1058 3003 tragicae
1085 2944 1270 2985 musae
1295 2944 1335 3015 ε.
1357 2933 1534 3004 atque
1559 2921 1761 2985 addit:

839 3080 858 3109 ‘
882 3076 1187 3138 Successit
1212 3088 1380 3138 vetus
1406 3077 1499 3139 his
1528 3079 1837 3140 Comoedia
1866 3100 1983 3140 non
2015 3082 2141 3139 sine
2169 3078 2355 3138 multa

879 3172 1120 3233 Laude.’

601 3312 780 3373 Initia
825 3322 1024 3375 autem
1071 3314 1258 3376 fuisse
1302 3314 1623 3376 admodum
1672 3336 1856 3397 parva
1894 3328 1957 3376 et
1998 3316 2189 3388 rudia,
2234 3332 2369 3375 cum
2396 3312 2630 3387 hilares,
2659 3328 2796 3394 post

600 3409 832 3469 labores
861 3420 1122 3483 exactos,
1165 3410 1376 3471 diebus
1403 3412 1570 3472 festis
1601 3414 1980 3473 concinerent
2008 3410 2252 3495 aliquid,
2300 3422 2361 3472 et
2389 3410 2510 3483 alii,
2547 3422 2607 3469 et
2634 3410 2791 3469 idem

605 3505 888 3567 Horatius
917 3507 976 3567 in
1006 3508 1274 3586 Epistola
1301 3508 1380 3568 ad
1407 3510 1743 3589 Aug-ustum
1772 3509 2058 3588 perhibet,
2099 3508 2199 3566 ubi
2233 3507 2395 3578 dicit,
2438 3507 2514 3565 ab
2540 3506 2793 3567 innoxiis

595 3601 747 3683 jocis
777 3601 1102 3662 libertatem
1131 3602 1287 3664 hanc
1316 3604 1393 3663 ad
1417 3604 1842 3665 intolerabilem
1887 3605 2180 3665 licentiam
2221 3612 2558 3684 provectam
2587 3602 2794 3663 fuisse.

605 3698 725 3767 Qui
771 3699 990 3777 primus
1037 3711 1232 3759 autem
1263 3700 1630 3761 Comoediam
1672 3702 1990 3781 scripserit,
2034 3719 2153 3759 non
2194 3708 2451 3761 constat.
2535 3700 2607 3758 In
2645 3699 2795 3759 libro

607 3794 708 3873 qui
749 3794 1051 3854 Aristoteli
1093 3794 1428 3857 inscribitur
1477 3798 1554 3859 de
1601 3798 1865 3872 Poetica,
1909 3798 2060 3857 inter
2090 3796 2205 3857 alia
2231 3807 2293 3856 et
2316 3796 2449 3855 haec
2476 3796 2793 3873 leguntur:

611 3889 844 3949 Siculos
890 3890 1000 3949 sibi
1046 3892 1357 3953 vendicare
1400 3894 1698 3954 inventum
1731 3892 2075 3963 Comoedioe,
2124 3892 2309 3950 fuisse
2334 3890 2487 3948 enim
2521 3888 2801 3967 Epichar-

609 4004 768 4047 mum
799 3995 938 4045 ante
963 3986 1338 4048 Chonnidem
1368 3999 1429 4048 et
1456 3989 1799 4068 Magnetem
1826 4008 1842 4048 ε
1882 4000 1942 4047 et
1976 3988 2065 4048 uti
2092 3986 2345 4047 nominis
2373 4002 2609 4063 quoque
2635 3984 2799 4044 testi·
2877 3977 2898 3983 ⁸

607 4085 827 4143 monio.
914 4082 1063 4143 Esse
1090 4084 1243 4144 enim
1271 4093 1427 4145 certe
1455 4085 1821 4145 Comoediam
1848 4102 1968 4145 non
2014 4086 2129 4145 ἀπὸ
2154 4094 2253 4143 τοῦ
2282 4082 2483 4159 κώμου,
2534 4078 2642 4139 sed
2682 4082 2795 4141 ἀπὸ

610 4188 721 4239 τῶν
749 4190 962 4258 κωμῶν,
1005 4179 1066 4239 id
1093 4192 1205 4254 est,
1233 4199 1352 4241 non
1381 4180 1458 4242 de
1484 4182 1775 4243 hilaritate
1818 4193 1878 4243 et
1915 4179 2297 4252 exultatione,
2340 4172 2455 4238 sed
2504 4174 2581 4235 de
2627 4177 2796 4255 pagis
