3234 4934
621 391 708 454 76
1451 420 1550 467 nu
1595 423 1697 469 ’ru
1712 423 1976 473 sarno·

616 746 1074 822 pronuntiaturi:
1118 749 1278 810 baud
1316 774 1488 832 seque
1518 756 1761 836 longum
1810 761 1923 820 fuit
1966 772 2146 842 atque
2194 766 2325 845 ipsa
2372 787 2572 840 scens,
2621 772 2802 832 altum

615 851 846 901 tautum
875 855 1002 904 erat
1026 846 1209 924 pedes
1249 849 1529 929 quinque,
1577 865 1663 925 ut,
1694 856 1873 933 quiin
1901 859 2203 920 orchestra
2230 863 2524 937 sederent,
2576 867 2803 929 facilius

613 937 832 1017 pedum
887 942 1174 1002 motiones
1223 954 1285 1003 et
1331 946 1598 1026 singulos
1656 951 1958 1029 agentium
2007 968 2213 1033 gestus
2262 963 2645 1040 perciperent.
2734 965 2803 1025 ld

613 1037 886 1116 spatium,
928 1038 1090 1118 quod
1133 1040 1408 1120 utrinque
1435 1063 1470 1103 a
1516 1045 1745 1124 pulpito
1789 1050 1866 1109 ad
1914 1063 2235 1113 extremam
2281 1075 2521 1118 scenam
2550 1079 2800 1121 vacuum

611 1133 1072 1214 relinquebatur,
1103 1137 1300 1198 Graeci
1322 1142 1615 1202 vocabant
1638 1144 2046 1221 Proscenium,
2066 1169 2140 1209 ne
2162 1150 2294 1229 quis
2310 1153 2603 1216 existimet
2620 1157 2801 1218 fuisse

611 1249 809 1292 scense
837 1231 1044 1294 latera.
1131 1235 1406 1296 Periacta
1433 1252 1721 1299 vocarunt
1749 1241 1946 1302 Groeci
1983 1243 2041 1302 in
2074 1248 2267 1306 scenis
2294 1249 2417 1308 suis
2444 1261 2655 1326 turres,
2697 1265 2801 1314 aut

608 1327 934 1400 machinas,
972 1329 1236 1410 trigonus
1264 1331 1570 1406 habentes,
1613 1335 1707 1394 vel
1734 1338 2148 1417 triangulares,
2178 1344 2323 1404 miro
2370 1347 2615 1408 artificio
2654 1370 2799 1409 con·

609 1433 886 1498 structas,
915 1425 974 1484 in
1006 1446 1125 1486 uno
1154 1437 1334 1508 atque
1363 1429 1548 1490 altero
1577 1451 1775 1492 scenae
1804 1434 1987 1494 latere
2017 1439 2261 1515 positas,
2302 1443 2476 1502 variis
2504 1445 2798 1508 coloribus

607 1521 936 1582 secundum
980 1524 1231 1603 angulos
1281 1526 1613 1598 distinctae,
1659 1532 2001 1592 versatiles:
2066 1545 2132 1592 ut
2179 1535 2332 1594 inter
2380 1543 2797 1618 spectandum,

605 1616 750 1677 dum
777 1617 958 1678 animi
987 1619 1066 1678 ad
1095 1620 1406 1682 histriones
1435 1625 1613 1705 paulo
1654 1627 2000 1688 attentiores
2047 1641 2266 1704 essent,
2295 1636 2579 1712 paulatim
2609 1640 2799 1699 revol-

605 1724 897 1787 verentur,
927 1729 987 1776 et
1012 1716 1190 1778 modo
1217 1721 1428 1792 rubr-se,
1457 1721 1635 1781 modo
1663 1723 1899 1796 virides,
1919 1735 2023 1786 aut
2046 1725 2283 1788 alterius
2312 1731 2525 1792 coloris
2549 1752 2797 1813 appare-

604 1823 770 1871 rent:
813 1831 949 1890 quse
992 1832 1084 1872 res
1125 1833 1246 1873 non
1291 1834 1531 1893 parvam
1557 1818 2013 1880 oblectationem
2052 1825 2455 1902 spectantibus
2494 1829 2793 1892 afferebat.

605 1907 741 1980 Hm,
783 1927 920 1968 cum
948 1910 1276 1970 fabularum
1303 1913 1659 1974 mutationes
1688 1929 1857 1976 erant
1882 1917 2117 1990 futurae,
2147 1939 2249 1980 seu
2283 1921 2543 1982 Deorum
2572 1926 2794 1986 adven·

601 2013 699 2064 tus
729 2025 864 2064 cum
895 2006 1210 2067 tonitribus
1258 2009 1600 2088 repentinis,
1641 2000 2046 2086 versabantur,
2088 2019 2509 2098 mutabantque
2538 2023 2794 2100 speciem

597 2102 922 2163 ornationis
965 2103 1024 2160 iu
1053 2102 1294 2164 frontes.
1381 2105 1472 2164 Ex
1519 2107 1591 2166 iis
1636 2108 1995 2186 projectitios
2044 2111 2585 2190 ignesvibrabant,
2630 2119 2689 2177 in
2720 2120 2791 2178 iis

598 2198 902 2277 fingebant
929 2201 1207 2273 tonitrua,
1236 2203 1488 2280 pluvias,
1531 2215 1592 2264 et
1622 2207 1901 2285 quicquid
1952 2209 2010 2266 in
2059 2209 2373 2288 Tragoedia
2402 2213 2791 2275 admiratione

597 2293 842 2372 dignum
885 2296 1034 2354 fuit:
1097 2297 1202 2356 sed
1241 2297 1356 2357 hoc
1394 2299 1647 2358 maxime
1684 2305 1743 2358 in
1784 2302 2101 2362 honorifico
2132 2319 2192 2362 et
2219 2317 2526 2366 sumtuose
2556 2309 2789 2370 Comoe-

595 2389 822 2452 'diarum
879 2405 982 2451 aut
1029 2391 1483 2471 Tragoediarum
1532 2415 1768 2473 genere.
1855 2397 2195 2458 Secundum
2242 2409 2534 2480 περίακτα,
2576 2425 2789 2487 nempe

595 2489 674 2546 ad
699 2507 893 2548 scenae
925 2491 1130 2561 latera,
1160 2490 1370 2550 itinera
1415 2501 1478 2549 et
1521 2490 1794 2550 Versurae
1848 2506 2252 2572 procurrentes
2302 2511 2491 2570 erant,
2539 2520 2787 2579 quarum

593 2603 712 2642 nna
769 2586 1077 2655 efficiebat,
1135 2600 1202 2644 ut
1255 2595 1486 2644 actores
1555 2605 1591 2645 a
1646 2587 1796 2658 foro,
1866 2588 2071 2661 altera,
2126 2603 2192 2650 ut
2243 2612 2485 2673 peregre
2552 2599 2787 2678 prodire

593 2694 698 2742 aut
723 2683 864 2743 illuc
910 2683 1136 2762 regredi
1170 2683 1524 2745 viderentur.
1611 2685 1679 2743 In
1708 2685 1906 2744 media.
1943 2706 2125 2747 scena
2154 2690 2361 2750 Valvoe
2393 2693 2601 2772 Regiae
2639 2716 2787 2756 con-

592 2780 857 2839 formatoe
915 2791 1100 2852 erant,
1160 2780 1319 2839 circa
1372 2798 1520 2858 quas
1569 2782 1861 2860 utrimque
1908 2783 2143 2844 suerunt
2196 2788 2528 2866 composita
2566 2791 2785 2872 Hospi-

590 2876 732 2936 talia
757 2895 890 2955 quae
922 2889 1100 2937 vocat
1130 2877 1449 2948 Vitruvius,
1479 2897 1513 2937 e
1539 2879 1755 2957 quibus
1786 2892 2015 2940 actores
2060 2882 2349 2962 prodiisse
2388 2895 2557 2965 puto.
2639 2889 2783 2949 Om-

587 2975 746 3035 nium
775 2995 1109 3046 scenarum,
1137 2994 1289 3053 quas
1327 2974 1580 3036 Romani
1620 2978 1681 3035 in
1726 2977 1983 3038 Theatro
2012 2999 2269 3058 unquam
2304 2992 2783 3060 construxerunt,

585 3072 762 3151 longe
792 3072 1154 3132 nobilissima
1180 3073 1292 3132 fuit
1317 3093 1408 3145 ea,
1457 3091 1633 3153 quam
1668 3074 1753 3133 M.
1785 3076 2043 3134 Scaurus
2082 3077 2139 3133 in
2171 3077 2457 3138 aedilitate
2500 3099 2611 3140 sua
2636 3101 2781 3142 con-

586 3168 816 3228 struxit.
901 3169 1043 3226 Earn
1071 3169 1358 3246 triplicem
1403 3169 1586 3227 fuisse
1633 3170 1811 3228 refert
1840 3170 2087 3238 Plinius,
2135 3171 2443 3231 altitudine
2490 3177 2628 3234 360.
2678 3197 2781 3237 co-

585 3263 937 3323 lumnarum.
993 3265 1120 3322 Ima
1141 3282 1278 3343 pars
1315 3283 1510 3324 scenae
1533 3283 1888 3324 marmoreos
1918 3265 2125 3324 habuit
2152 3267 2426 3345 parietes,
2460 3289 2576 3328 non
2606 3272 2779 3333 facile

585 3358 826 3419 dixerim
887 3370 1078 3419 sectos
1135 3379 1212 3418 an
1269 3359 1478 3420 solidis
1535 3359 1723 3438 glebis
1772 3361 2007 3438 politos.
2116 3362 2317 3422 Media
2362 3364 2474 3424 fuit
2522 3387 2553 3424 e
2606 3367 2776 3439 vitre,

582 3454 848 3515 inaudito
893 3454 1069 3514 etiam
1113 3467 1319 3535 postea
1347 3476 1560 3536 genere
1591 3456 1858 3514 luxurias.
1944 3457 2203 3516 Summoe
2236 3459 2450 3518 tabulis
2494 3462 2775 3523 inauratis

581 3550 892 3623 columnae,
938 3553 1070 3611 imoe
1120 3552 1771 3632 duodequadragenum
1818 3552 2057 3631 pedum.
2173 3555 2359 3633 Signa
2406 3575 2579 3618 cerea
2626 3561 2777 3622 inter

579 3647 888 3709 columnas
919 3649 1173 3721 suerunt,
1205 3650 1315 3708 tria
1347 3649 1528 3709 millia
1574 3667 1835 3709 numero.
1923 3649 2042 3708 Sed
2072 3661 2133 3709 et
2162 3651 2423 3730 reliquus
2454 3669 2769 3736 apparatus

578 3756 780 3806 tantus
822 3743 1079 3805 Attalica
1104 3757 1288 3820 veste,
1317 3745 1534 3806 tabulis
1573 3746 1767 3825 pictis,
1812 3756 2123 3826 ceteroque
2153 3748 2431 3828 choragio
2460 3752 2589 3824 fuit,
2614 3756 2769 3815 utin

575 3840 974 3902 Tusculanam
1006 3842 1202 3901 villam
1245 3844 1555 3923 reportatis
1603 3861 1741 3921 quse
1787 3843 2231 3922 superfluebant
2270 3847 2595 3923 quotidiani
2623 3869 2769 3910 usus

578 3936 824 4011 deliciis,
853 3939 1098 3998 incensa
1123 3939 1266 3998 villa
1293 3940 1368 3998 ab
1397 3939 1558 4000 iratis
1603 3939 1787 3999 servis
1816 3949 2289 4000 concremaretur
2316 3940 2393 4000 ad
2434 3945 2769 4006 sestertium

575 4033 806 4096 millies.
891 4037 1214 4096 Scenarum
1243 4047 1440 4095 autem
1473 4038 1585 4114 (ait
1611 4035 1939 4112 Vitruvius)
1974 4057 2193 4116 genera
2221 4047 2361 4096 sunt
2401 4040 2534 4111 tris,
2584 4061 2765 4102 unum

575 4130 737 4207 quod
783 4130 994 4193 dicitur
1037 4133 1346 4213 tragicum,
1391 4142 1572 4212 atque
1617 4131 1680 4194 id
1736 4133 1997 4192 omnium
2046 4133 2581 4226 sumtuosissimum
2612 4137 2761 4198 fuit:

573 4226 822 4287 alterum
845 4229 1168 4290 comicum:
1211 4228 1445 4290 tertium
1465 4228 1789 4290 satiricum.
1880 4229 2107 4291 Horum
2136 4239 2330 4290 autem
2352 4243 2595 4294 ornatus
2628 4249 2765 4297 sunt
