3234 4934
623 394 715 461 ω
1082 412 1445 465 :uulnus
1492 416 1785 467 HElNSss
1837 419 2363 474 mssnnvAwo.

625 572 755 613 sum
782 562 895 624 est,
924 571 1153 614 omnem
1182 575 1377 616 veram
1408 558 1798 621 eruditionem
1823 582 1898 621 ex
1925 562 2038 623 hoc
2068 583 2188 625 uno
2215 566 2378 626 sonte
2407 566 2810 646 limpidissimo

620 647 955 727 petendam.
1038 651 1330 711 Charinus
1376 662 1573 713 autem
1623 655 1820 715 Plauti
1867 658 1944 717 ad
1991 659 2370 738 frigiditatem
2416 682 2606 742 usqne
2635 665 2810 739 calet,

620 762 797 821 quam
825 764 943 804 non
972 747 1165 827 potuit
1186 748 1393 809 vitare.
1476 751 1694 820 Qualia
1737 764 1878 812 sunt
1917 754 2052 828 ista,
2101 757 2296 817 Scena.
2335 764 2352 793 ‘
2385 759 2602 821 Divum
2630 772 2807 840 atque

616 838 917 901 hominum
940 841 987 900 :’·

1173 936 1311 999 Jum
1334 940 1595 1021 Cyprum
1623 942 1778 1017 veni,
1805 946 1917 1003 &c-

614 1032 784 1107 Item,

771 1126 953 1190 Porro
979 1131 1315 1209 proficiscor
1342 1134 1677 1214 quaesitum.
1762 1136 1938 1196 Nunc
1964 1138 2202 1215 perveni
2231 1138 2597 1201 Chalcidem.

772 1224 961 1286 Video
988 1226 1069 1286 ibi
1088 1228 1378 1307 hospitem
1407 1230 1730 1308 Zacyntho.
1814 1234 1965 1293 Dico
1991 1234 2137 1312 quid
2163 1255 2235 1295 eo
2263 1235 2596 1297 advenerim
2621 1257 2636 1296 ε

770 1320 991 1401 Rogito
1018 1324 1149 1401 quis
1172 1343 1301 1383 enm
1329 1328 1571 1399 vexerit,
1598 1328 1731 1405 quis
1759 1329 1977 1389 habent
2005 1330 2056 1389 si
2083 1331 2162 1389 ibi
2188 1331 2556 1393 inaudiverit.

767 1417 1003 1498 Hospes
1031 1421 1353 1501 respondit,
1382 1422 1683 1502 Zacyntho
1711 1423 1858 1483 ficus
1886 1425 2010 1483 fieri
2035 1444 2156 1485 non
2185 1426 2395 1488 mulas.

606 1528 789 1591 Vides
815 1530 1111 1591 hominem
1140 1540 1261 1592 tam
1286 1532 1533 1603 tristem,
1570 1542 1642 1592 ut
1665 1532 1911 1594 festivus
1939 1552 2074 1594 esse
2100 1548 2348 1613 quoerat.
2434 1538 2518 1596 At
2561 1536 2795 1599 divinus

604 1624 801 1685 hucin
831 1636 1017 1704 parte,
1063 1624 1214 1687 duos
1242 1638 1533 1688 amatores
1561 1628 1622 1685 in
1653 1626 1964 1701 Eunucho,
2009 1648 2118 1689 suo
2147 1646 2328 1703 more,
2367 1630 2704 1694 Phoedriam
2733 1644 2795 1694 et

606 1720 934 1794 Choeream,
964 1720 1242 1783 divinitus
1271 1736 1601 1804 utrumque,
1630 1729 1907 1795 ἠθοποιεῖ.
1962 1724 2160 1792 Quare
2183 1744 2317 1786 cum
2339 1726 2542 1785 Poetae
2564 1747 2790 1814 omnes,

602 1836 848 1897 quornm
865 1818 1189 1878 imitatione
1206 1830 1443 1880 constat
1457 1821 1790 1880 institutum
1817 1839 1888 1880 ac
1913 1821 2248 1894 consilium,
2269 1822 2556 1901 pictorum
2583 1824 2790 1895 instar,

600 1922 753 1973 teste
778 1904 1128 1973 criticorum
1156 1913 1325 1993 Rege
1354 1933 1423 1974 ac
1452 1914 1749 1995 Principe,
1777 1924 1880 1975 sut
1909 1914 2152 1987 similes,
2173 1925 2278 1975 aut
2301 1914 2488 1994 (quod
2512 1935 2629 1977 non
2659 1938 2790 1981 raro

596 2008 811 2081 evenit,
837 2008 931 2069 vel
958 2008 1219 2088 imperite
1243 2014 1334 2070 καὶ
1370 2014 1429 2085 ἐξ
1451 2015 1767 2085 ἀσθενείας,
1796 2012 1890 2072 vel
1911 2011 2189 2091 captandi
2217 2012 2368 2072 risus
2393 2016 2601 2089 causa)
2627 2034 2788 2079 nunc

596 2106 825 2187 pejores
843 2124 1021 2186 quam
1038 2116 1179 2165 sunt
1192 2108 1543 2187 exprimant,
1558 2128 1716 2170 nunc
1731 2108 2000 2169 meliores
2017 2128 2034 2177 ς
2057 2128 2256 2169 servos
2271 2107 2499 2187 pejores
2517 2108 2786 2185 Plautus,

594 2213 664 2261 ut
679 2201 991 2281 plurimum
1004 2218 1021 2267 ς
1040 2200 1351 2262 Terentius
1366 2204 1475 2262 hos
1496 2223 1730 2283 semper
1740 2204 1979 2276 similes,
1995 2222 2116 2265 non
2130 2204 2429 2275 melioresg
2449 2206 2783 2267 meretrices

592 2315 733 2357 vero
766 2295 978 2376 partim
1008 2296 1229 2356 similes
1257 2300 1469 2377 partim
1494 2297 1767 2357 meliores
1797 2298 2114 2376 aliquando
2141 2298 2497 2360 introducit:
2543 2300 2784 2375 similes,

592 2406 663 2453 ut
680 2394 1002 2455 Thaidem:
1048 2393 1346 2464 meliores,
1369 2406 1436 2451 ut
1462 2390 1838 2451 Bacchidem.
1881 2391 2184 2452 Parasitos
2206 2412 2436 2471 semper
2465 2394 2782 2457 deteriores

594 2499 657 2549 et
679 2492 1007 2551 voraciores
1045 2491 1318 2562 Plautus,
1356 2508 1659 2566 nunquam
1687 2488 1979 2548 meliores.
2066 2488 2147 2547 Ut
2171 2498 2235 2547 et
2277 2488 2652 2562 Dossennus,
2679 2494 2782 2570 qui

588 2585 700 2645 hos
726 2585 884 2645 solos
906 2584 1327 2665 propemodum
1344 2586 1610 2657 curabat,
1629 2585 1690 2643 in
1709 2584 1980 2665 personis
2003 2584 2243 2662 reliquis
2265 2586 2567 2646 ἐκπίπτων.
2594 2585 2780 2648 Phor·

586 2682 705 2740 mio
751 2681 1141 2742 Terentianus
1181 2680 1357 2761 plane
1382 2689 1478 2740 est
1502 2678 1885 2739 admirandus
1911 2699 1927 2738 ε
1975 2689 2040 2737 ut
2066 2688 2129 2737 et
2153 2678 2415 2739 Gnatho.
2501 2680 2778 2755 Plautini,

588 2777 730 2855 quia
754 2775 935 2837 risum
960 2787 1256 2857 quoerunt,
1283 2776 1585 2835 veritatem
1612 2784 1676 2832 et
1723 2792 1992 2832 sermone
2039 2784 2102 2831 et
2142 2776 2450 2834 sententiis
2479 2777 2775 2835 amittunt.

584 2872 731 2932 Tres
779 2873 1023 2932 virtutes
1058 2871 1215 2932 enim
1264 2888 1475 2940 sei-mc,
1522 2886 1700 2948 quem
1727 2886 1848 2927 non
1875 2867 2005 2927 sine
2031 2886 2216 2927 causa
2241 2870 2474 2930 Ἠθικόν
2501 2870 2778 2931 dixerunt

586 2966 804 3039 Graeci,
832 2986 943 3028 nos
991 2966 1289 3027 Moratum
1336 2964 1609 3036 dicimus,
1660 2962 2038 3041 AEquitatem,
2069 2982 2301 3042 nempe,
2343 2964 2684 3038 Veritatem,
2711 2978 2775 3027 et

586 3060 1054 3140 Simplicitatem,
1075 3060 1380 3141 postulata
1430 3078 1567 3138 quse
1600 3058 1664 3118 τὸ
1692 3058 2034 3131 ἐνδιάθετον,
2081 3058 2196 3117 hoe
2224 3068 2336 3132 est,
2365 3058 2425 3117 id
2452 3059 2614 3137 quod
2641 3061 2773 3119 uni—

581 3156 793 3233 cuique
816 3166 912 3216 est
934 3156 1195 3228 insitum,
1222 3158 1299 3215 ob
1328 3155 1533 3214 oculos
1562 3154 1856 3233 proponit.
1915 3155 2069 3213 Cum
2097 3153 2428 3227 ridiculum,
2454 3163 2524 3213 ut
2545 3156 2770 3214 violen-

580 3262 729 3323 tum,
757 3250 898 3329 quia
924 3270 962 3311 a
988 3262 1201 3310 natura
1238 3249 1515 3319 alienum,
1559 3248 1721 3325 quod
1750 3258 1906 3307 recte
1933 3246 2012 3306 de
2039 3266 2111 3307 eo
2132 3249 2478 3309 Aristoteles
2507 3268 2768 3328 pronun·

577 3346 709 3418 tiat,
737 3356 1073 3425 corruptum
1100 3344 1197 3415 sit,
1226 3353 1287 3403 et
1316 3362 1353 3401 a
1373 3343 1664 3423 corruptis
1691 3340 1911 3414 causis,
1954 3341 2117 3420 quod
2145 3341 2271 3420 jem
2293 3341 2416 3402 dixi
2443 3355 2766 3406 moveatur.

581 3440 901 3512 Moratum,
928 3440 1068 3519 quia
1094 3439 1283 3499 simile
1326 3446 1421 3497 est
1446 3445 1693 3508 naturae,
1737 3436 1946 3495 leniter
1973 3435 2269 3497 delectat:
2331 3438 2492 3517 quod
2521 3450 2763 3499 aetatum

578 3533 964 3613 singularum,
1009 3534 1331 3605 hominum,
1382 3551 1453 3591 ac
1480 3531 1806 3604 nationum,
1850 3532 2151 3611 totiusque
2186 3534 2344 3606 vitoe,
2389 3536 2762 3595 simulacrum

574 3630 877 3710 quoddam
907 3649 978 3691 ac
1024 3630 1358 3709 imag-inem,
1402 3628 1479 3686 in·
1512 3646 1696 3688 scena
1741 3636 2148 3706 repraesentat.
2229 3630 2416 3691 Plane
2443 3642 2512 3691 ut
2535 3634 2764 3710 pictura

576 3746 713 3805 quoe
742 3746 781 3786 a
804 3744 941 3787 vero
968 3727 1113 3797 abit,
1140 3735 1201 3785 et
1245 3726 1341 3786 vel
1368 3724 1686 3785 cubitalem
1734 3742 1968 3795 nasum,
1995 3724 2088 3785 vel
2117 3723 2427 3786 distortum
2455 3746 2524 3787 os
2569 3729 2760 3789 facete

572 3832 980 3901 repraesentet,
1020 3822 1201 3881 risum
1226 3831 1457 3881 movet:
1507 3819 1716 3879 similis
1753 3818 2032 3881 delectat.
2111 3820 2308 3901 Atque
2334 3823 2449 3882 hoc
2475 3833 2570 3883 est
2594 3824 2759 3902 quod

574 3934 781 3977 omnes
822 3917 1089 3977 tribuunt
1116 3916 1465 3987 Menandro,
1514 3935 1692 3997 quem
1745 3916 2054 3975 Terentius
2101 3918 2408 3999 expressit.
2496 3917 2578 3977 Ut
2607 3918 2758 3979 Her·

572 4030 890 4091 megenes:
930 4012 1105 4092 Πορᾶ
1130 4038 1193 4074 rs
1218 4018 1371 4095 abr-{5
1399 4010 1818 4093 Μενάνδρφΰιν
1859 4020 2032 4091 μυρία
2059 4016 2235 4089 εὕροις
2259 4020 2488 4073 τοιαῦτα
2515 4018 2606 4073 καὶ
2655 4040 2756 4089 γυ-

574 4116 769 4169 ναῖκας
794 4110 1093 4185 λεγοῦσας,
1123 4113 1215 4169 καὶ
1241 4115 1567 4169 νεανίσκους
1586 4110 1847 4187 ἐρῦνςας,
1875 4112 1966 4167 καὶ
1996 4114 2318 4188 μαγείρους,
2343 4112 2434 4167 καὶ
2455 4114 2756 4187 παρθένους

572 4207 967 4283 open-raperes,
1014 4214 1109 4267 καί
1156 4228 1308 4267 τινας
1332 4208 1557 4267 ἄλλους·
1606 4205 1748 4267 ὅλως
1776 4229 1835 4266 re
1865 4204 1960 4267 διὰ
1998 4207 2062 4267 τὸ
2101 4207 2431 4267 ὑποπίπτειν
2465 4210 2540 4286 τᾷ
2587 4210 2754 4287 ἠθικῷ·
