3234 4934
592 367 724 433 178
1051 414 1062 437 ‚
1201 378 1635 430 somnians
1681 378 2184 429 GAMBRARIUS

591 526 936 607 quisivimus
963 523 1270 599 nonnulla,
1309 542 1446 605 quoe
1472 524 1665 585 minus
1694 524 2128 603 explicarentur
2154 525 2347 599 nobis,
2374 534 2437 585 et
2454 524 2790 587 viderentur

593 621 918 682 secundum
946 618 1282 690 Platonem,
1326 628 1426 679 τοῦ
1453 620 1658 696 πατρὸς
1701 617 1924 679 δεῖσθαι
1966 616 2196 695 βοητοῢ,
2223 624 2369 681 αὐτὰ
2397 619 2507 681 οὔτ’
2531 622 2791 700 &phrao-

594 722 712 788 θαι,
740 715 868 775 οὔτε
907 712 1191 791 βοηθῆσαι
1237 713 1452 775 δυνατὰ
1499 716 1706 775 αὑτοῖς.
1786 714 1888 774 Ad
1932 734 2208 775 numeros
2236 735 2511 776 versuum
2535 716 2794 777 comico-

593 831 722 871 rum
749 811 1152 891 expediendos
1199 810 1561 871 assumenda
1597 820 1739 871 sunt
1785 828 1859 870 ea
1901 830 2038 889 quoe
2084 810 2282 871 Groeci
2308 813 2462 884 πάθη
2488 812 2799 871 nominant

592 911 812 981 λέξεως,
841 905 1056 984 quibus
1099 913 1159 964 et
1192 903 1514 965 dilatantur
1541 915 1602 965 et
1631 905 2062 966 contrahuntur
2088 906 2400 967 dictiones.
2483 906 2669 987 quue
2698 906 2791 964 ni-

591 1002 802 1061 mirum
829 1011 955 1061 tum
982 1000 1291 1079 loquentes
1319 999 1711 1061 communiter
1735 999 2021 1072 fecerunt,
2060 1010 2129 1061 ut
2162 1001 2426 1079 pluribus
2456 1013 2560 1062 aut
2586 1002 2791 1081 peuci-

593 1096 791 1157 oribus
823 1095 1065 1177 syllabis
1083 1097 1262 1156 verba
1287 1094 1685 1167 enuntiarent,
1700 1113 1877 1174 quam
1896 1113 2007 1154 nos
2030 1094 2418 1176 descriptura,
2448 1106 2551 1157 aut
2577 1114 2791 1158 secun·

591 1191 734 1251 dum
791 1190 1077 1251 rationem
1125 1209 1400 1252 versuum
1450 1191 1620 1251 nobis
1677 1200 1901 1252 notam.
1986 1191 2082 1251 De
2135 1210 2255 1270 qua
2300 1212 2363 1252 re
2408 1210 2571 1252 nunc
2612 1191 2789 1254 etiam

589 1286 845 1347 breviter
869 1285 1146 1366 quaedam
1173 1284 1643 1347 memorabimus.

669 1382 1012 1442 Dilatantur
1058 1381 1242 1442 verba
1277 1378 1689 1449 dissolutione,
1739 1398 1851 1440 seu
1897 1380 2186 1441 divisione
2224 1380 2604 1461 syllabarum,
2646 1402 2786 1461 quoe

583 1487 684 1537 -est
708 1474 990 1553 διαίρεσις.
1075 1476 1158 1535 Ut
1185 1484 1201 1510 ‘
1224 1474 1383 1547 iam,'
1412 1473 1829 1550 δισσνλλᾶβωε.
1911 1475 2091 1544 Quod
2120 1487 2181 1536 et
2209 1478 2497 1538 Scaurum
2526 1478 2781 1537 Rufinus

589 1572 674 1631 ait
696 1570 1016 1644 indicasse,
1053 1570 1156 1651 qui
1196 1569 1422 1631 diceret
1468 1568 1528 1627 in
1568 1568 1871 1629 Pseudolo
1922 1577 1942 1603 ‘
1962 1570 2265 1630 nunciam
2286 1574 2303 1599 '
2342 1590 2474 1632 esse
2502 1583 2623 1634 tres
2664 1571 2788 1653 syl-

585 1666 777 1738 labas,
805 1676 869 1725 et
906 1666 1186 1726 Plautum
1229 1663 1504 1723 divisisse
1545 1670 1563 1699 ‘
1575 1661 1737 1742 jam'
1788 1664 1849 1723 in
1878 1662 2050 1726 duas.
2134 1666 2279 1726 Tale
2328 1677 2422 1727 est
2464 1648 2787 1728 indicatum

585 1760 646 1817 in
683 1759 894 1821 eadem
937 1761 1158 1832 fabula,
1207 1766 1226 1797 ‘
1244 1760 1463 1829 malai:
1532 1758 1948 1835 τρισύλλαβον.
2052 1760 2153 1821 Sic
2208 1770 2271 1821 et
2336 1770 2354 1797 ⁶
2376 1762 2550 1841 quis‚’
2602 1771 2621 1798 ⁶
2640 1762 2789 1841 qui:

589 1862 607 1890 ⁴
627 1854 805 1935 quae,’
830 1865 893 1916 et
911 1875 1088 1917 casus
1115 1856 1325 1917 horum
1357 1855 1722 1915 diviserunt:

831 1961 948 2031 Qui
975 1980 1079 2039 per
1106 1962 1376 2022 virtutem
1407 1962 1643 2039 peritat,
1672 1978 1793 2021 nou
1821 1961 2044 2022 interit.

587 2070 931 2151 Legendum
959 2080 976 2109 ‘
997 2075 1114 2143 Qui
1136 2074 1153 2101 '
1180 2070 1576 2146 ὅισσυλλάβυε
1602 2092 1618 2131 :
1664 2073 1714 2132 si
1742 2085 1836 2134 est
1860 2092 2000 2134 vera
2027 2074 2335 2157 scriptura,
2364 2073 2440 2134 de
2468 2094 2586 2153 quo
2614 2094 2780 2155 quoe-

585 2178 743 2227 retur
767 2167 870 2229 illo
898 2170 959 2229 in
986 2170 1140 2231 loco.
1221 2170 1341 2230 Sed
1367 2170 1641 2249 exempla
1666 2170 1727 2229 in
1756 2169 1973 2231 Plauto
1992 2170 2119 2249 jam
2148 2170 2335 2231 multa
2362 2170 2775 2232 indicavimus.

577 2260 768 2343 ‘Apud
797 2264 1107 2325 Horatium
1133 2265 1234 2325 lib.
1259 2284 1339 2325 11.
1379 2264 1580 2325 Carm.

913 2377 1118 2436 Remis
1145 2385 1207 2435 et
1233 2375 1474 2455 obliquo
1501 2374 1753 2436 laborat.

587 2488 698 2546 Est
719 2487 876 2547 enim
897 2506 1104 2547 versus
1127 2487 1408 2547 iambicus
1435 2486 1685 2545 dimeter
1726 2488 2273 2563 ὕπερκαταληκτικόε.
2358 2486 2495 2547 Huc
2521 2488 2779 2566 pertinet

588 2591 606 2617 ⁸
635 2582 851 2653 celim:
887 2600 1015 2663 pro,
1052 2582 1228 2657 clam,
1255 2592 1322 2641 ut
1370 2580 1586 2641 Festus
1640 2581 1739 2641 ait.
1824 2582 1904 2641 Et
1947 2580 2007 2639 in
2051 2581 2299 2643 diversis
2344 2584 2537 2643 verbis
2578 2584 2773 2643 hiatus

585 2678 898 2739 vocalium.
983 2679 1160 2747 Quod
1189 2688 1384 2739 tamen
1415 2697 1534 2739 non
1562 2678 1777 2739 fecisse
1808 2678 2072 2751 Latinos,
2093 2678 2207 2739 nisi
2228 2680 2436 2759 poetas
2463 2677 2777 2759 quosdam,

589 2772 782 2834 Cicer.
810 2774 870 2831 in
898 2773 1146 2835 Oratore
1175 2774 1430 2853 scripsit,
1470 2772 1594 2853 qui,
1622 2783 1693 2833 ut
1712 2792 1947 2834 versum
1972 2773 2253 2847 facerent,
2292 2794 2453 2855 ssepe
2478 2774 2788 2835 hiaverint.

593 2869 845 2928 Ennium
875 2870 1056 2929 semel
1083 2890 1100 2932 ι
1145 2876 1164 2905 ⁸
1186 2870 1386 2949 Scipio
1413 2870 1628 2930 invicte
1650 2867 1689 2929 ε’
1728 2878 1790 2929 et
1816 2888 1921 2931 se:

813 2970 835 2983 ’
992 2982 1125 3041 Hoc
1153 2990 1316 3041 motu
1345 2979 1635 3042 radiantis
1662 2980 1863 3041 etesioe
1890 2981 1953 3041 in
1978 2980 2134 3041 vada
2158 2979 2349 3061 ponti.

591 3091 712 3153 Sed
735 3101 875 3153 sunt
900 3102 962 3153 et
988 3094 1149 3173 opud
1179 3092 1487 3155 Maronem
1511 3094 1691 3174 hujus
1714 3094 2015 3155 divisionis
2044 3094 2352 3175 exempla:

990 3204 1068 3262 Et
1094 3204 1338 3281 long-um
1367 3203 1623 3264 formose
1648 3204 1805 3276 vale,
1831 3204 1985 3277 vale,
2012 3204 2224 3283 inquit,
2256 3204 2401 3267 Iola.

991 3296 1211 3356 Insuloe
1241 3297 1407 3357 Ionio
1438 3298 1498 3356 in
1527 3317 1769 3378 magno.

989 3390 1105 3451 Ter
1133 3402 1272 3451 sunt
1296 3392 1493 3455 conati
1519 3393 1817 3473 imponere
1845 3392 2013 3453 Pelio
2042 3392 2280 3453 Ossam.

988 3484 1221 3545 Glauco
1247 3494 1310 3546 et
1333 3486 1635 3565 Panopen
1664 3497 1729 3547 et
1758 3488 1905 3549 Inoo
1928 3486 2274 3549 Melicerta.

593 3601 768 3684 Apud
797 3604 1128 3680 Horatium,
1155 3604 1256 3666 lib.
1283 3626 1329 3667 1.
1364 3606 1567 3668 Carm.

989 3716 1241 3777 Ossibus
1263 3726 1326 3777 et
1350 3717 1529 3798 capiti
1559 3716 1889 3779 inhumato.

588 3842 766 3926 Apud
797 3842 1149 3917 Lucretium,
1177 3845 1280 3905 lib.
1307 3864 1372 3906 v.

900 3938 1131 4001 Passim
1151 3960 1257 4024 per
1279 3941 1412 4001 coeli
1437 3942 1683 4003 volvunt
1710 3961 1775 4001 se
1796 3942 1995 4002 inania
2024 3944 2271 4024 templa.

591 4048 669 4110 Et
695 4051 798 4111 hb·
827 4072 1110 4209 mmmm
1138 4147 1478 4229 progeniem
1505 4148 1606 4229 qui
1635 4148 1694 4208 in
1725 4167 1857 4210 oras
1878 4148 2120 4211 ‘luminis
2148 4148 2351 4211 edant.
