3234 4934
577 430 706 495 102
1036 443 1397 495 nAmnms
1442 442 1736 492 nssmsu
1785 440 2300 493 nissnnm‘rio.

576 600 892 663 ponuntur,
940 594 1041 646 aut
1069 584 1396 664 subjectum
1436 583 1589 645 idem
1637 594 1730 643 est
1755 602 1888 644 cum
1919 584 2262 667 praedicato,
2347 584 2429 643 Ut
2454 602 2590 643 cum
2618 583 2758 663 Epi-

578 682 851 743 charmus
878 682 1062 743 dixit:

814 811 970 871 Τόκα
996 814 1103 893 μὲν
1129 814 1194 871 ἐν
1219 814 1398 881 τήνου
1425 814 1542 886 ἐγὼ
1568 809 1658 883 ἦν,
1687 814 1820 870 τόκα
1847 809 1910 870 δὲ
1937 814 2090 887 παρὰ
2116 814 2314 881 τήνοις.

816 909 982 970 Tunc
1004 910 1154 970 inter
1182 908 1316 969 illos
1344 928 1458 987 ego
1484 926 1666 980 eram,
1694 917 1834 967 tunc
1864 906 2022 987 apud
2051 907 2204 967 illos.

578 1038 680 1098 Bis
704 1037 859 1099 enim
884 1036 1040 1099 idem
1069 1037 1249 1105 dicit3
1294 1057 1429 1115 quse
1474 1046 1567 1097 est
1612 1036 1773 1095 fraus
1821 1037 1878 1095 in
1925 1034 2116 1095 verbis
2165 1044 2376 1113 praeter
2401 1032 2761 1112 expectatio-

576 1154 729 1194 nem.
813 1133 979 1194 Idem
1005 1146 1202 1195 autem
1230 1142 1325 1194 est
1348 1152 1481 1193 cum
1507 1131 1831 1211 praedicato
1862 1131 2188 1209 subjectum
2215 1150 2230 1189 ε
2273 1140 2343 1190 ut
2378 1130 2437 1188 in
2464 1129 2582 1189 illis
2611 1128 2759 1189 Cur-

576 1230 695 1290 cul.
726 1233 859 1292 Act.
886 1252 944 1291 v.
976 1232 1170 1291 Scena
1193 1234 1257 1291 4.

740 1358 896 1425 Quoi
924 1358 1143 1420 homini
1172 1357 1269 1416 Dii
1296 1365 1435 1416 sunt
1462 1356 1718 1435 propitii,
1745 1358 1801 1416 ei
1831 1377 1948 1419 non
1979 1376 2112 1418 esse
2143 1356 2322 1415 iratos
2350 1364 2517 1434 puto.

580 1452 783 1513 Sticho
810 1472 825 1512 ε

740 1548 791 1607 Ε
819 1549 985 1607 malis
1016 1548 1237 1621 multis,
1283 1546 1497 1608 malum
1528 1546 1690 1626 quod
1727 1546 2030 1606 minimum
2077 1556 2189 1620 est,
2235 1546 2297 1605 id
2341 1546 2644 1609 minimum
2671 1554 2765 1605 cst

895 1630 1134 1705 malum.

578 1741 879 1823 Captivis:

818 1838 947 1897 Hos
975 1857 1124 1917 quos
1152 1836 1361 1897 videtis
1393 1846 1549 1897 stare
1576 1838 1844 1916 captivos
1874 1835 2048 1907 duos,

820 1933 901 1993 Hi
931 1944 1114 2005 stant,
1141 1952 1259 1993 non
1290 1922 1519 1993 sedent.

577 2024 728 2098 Quae
746 2030 873 2110 jam
890 2030 1049 2091 docti
1071 2031 1452 2113 collegerunt.
1498 2030 1672 2091 Unde
1695 2040 1756 2090 et
1782 2031 1956 2091 istam
1985 2029 2194 2089 summi
2223 2026 2428 2089 critici
2453 2044 2762 2088 censuram

578 2125 823 2185 meruit:
974 2120 981 2127 ’

814 2221 1063 2281 Plautus
1092 2222 1170 2281 ad
1197 2221 1495 2302 exemplar
1523 2222 1707 2281 Siculi
1737 2240 2046 2301 properare
2077 2220 2414 2301 Epicharmi

820 2318 1069 2377 Dicitur.

579 2447 929 2524 Quanquam
962 2463 1104 2504 sane
1133 2443 1271 2503 alibi
1301 2464 1419 2505 non
1446 2446 1756 2505 invenuste
1788 2446 1854 2505 iis
1885 2464 2029 2505 usus
2059 2453 2169 2505 est.
2253 2445 2405 2513 Quae
2436 2441 2765 2503 Menander

578 2551 796 2612 tamen,
838 2551 901 2601 et
947 2542 1143 2620 imago
1184 2540 1332 2619 ejus,
1376 2542 1453 2601 de
1492 2561 1611 2620 quo
1657 2561 1816 2601 nunc
1863 2541 2076 2620 agitur,
2116 2539 2446 2608 Terentius,
2483 2550 2765 2618 tanquam

576 2655 708 2695 cum
756 2634 1016 2713 periculo
1057 2635 1393 2714 conjuncta,
1446 2636 1595 2698 serio
1646 2638 1942 2717 fugerunt.
2027 2636 2177 2695 Haec
2204 2654 2311 2715 pro
2337 2636 2480 2695 Viro
2512 2636 2767 2695 maximo

582 2730 865 2801 Horati03
910 2752 1101 2811 neque
1126 2732 1407 2793 adversus
1435 2733 1714 2793 Plautum
1743 2732 1904 2792 dicta
1931 2742 2092 2806 sunt,
2119 2752 2292 2811 quem
2321 2751 2608 2804 amamus,
2635 2750 2767 2791 sus·
2794 2804 2808 2816 ⁹

576 2826 849 2906 picimus,
877 2828 1197 2907 diligimus,
1226 2848 1297 2889 ac
1324 2848 1710 2897 venet-amun
1755 2850 1974 2901 verum,
2022 2840 2090 2888 ut
2126 2827 2418 2909 judicium
2464 2828 2550 2887 sic
2589 2846 2768 2889 acua-

578 2942 739 2993 mus;
771 2925 941 2983 simul
970 2936 1036 2983 ut
1064 2925 1221 2983 acuti
1242 2924 1361 2997 isti,
1388 2924 1549 3005 quod
1571 2925 1840 2987 videntur
1863 2926 1995 2999 sibi,
2021 2926 2103 2985 ita
2130 2924 2556 2985 facetissimum
2583 2924 2770 3003 scrip-

580 3028 764 3079 torem
792 3032 1011 3093 ament,
1039 3021 1262 3101 legant,
1286 3032 1559 3096 tractent,
1588 3032 1768 3102 atque
1797 3023 2069 3083 ediscant
2093 3021 2280 3101 (quod
2309 3032 2372 3081 et
2397 3030 2556 3083 recte
2585 3031 2648 3081 et
2673 3040 2767 3081 or—

582 3113 719 3175 dine
748 3117 823 3175 ab
854 3104 925 3176 iis
954 3117 1077 3177 fieri
1120 3117 1406 3178 fatemur:
1450 3138 1645 3197 neque
1671 3119 1826 3178 enim
1855 3120 2000 3179 satis
2027 3116 2426 3177 commendari
2454 3119 2676 3196 potest)
2703 3128 2771 3178 ut

578 3230 692 3269 nec
718 3212 894 3289 plane
920 3222 981 3272 et
1006 3214 1223 3291 ubique
1251 3213 1563 3275 Veteribus
1607 3216 1893 3294 probasse
1935 3232 2001 3272 se
2042 3211 2452 3273 meminerint:
2497 3222 2576 3285 et,
2608 3212 2770 3291 quod

578 3306 676 3365 hic
704 3307 996 3388 praecipue
1026 3319 1384 3388 spectamuS,
1434 3308 1509 3369 de
1540 3309 1787 3370 Horatio
1814 3310 2059 3388 ejusque
2087 3308 2222 3367 crisi
2251 3307 2444 3369 minus
2473 3306 2654 3367 libere
2681 3310 2769 3368 lo-

580 3414 867 3481 quantur:
917 3403 1169 3463 Terentii
1199 3414 1395 3465 autem
1420 3403 1625 3464 miram
1653 3424 1724 3464 ac
1752 3423 1934 3484 prope
1955 3402 2316 3463 'ineffabilem
2349 3403 2767 3478 amoenitatem,

580 3498 954 3577 elegantiam,
987 3497 1297 3577 judicium,
1325 3519 1397 3561 ac
1428 3510 1820 3572 venustatem,
1851 3500 2180 3579 intelligere
2205 3498 2486 3579 paulatim
2515 3498 2768 3562 discant.

582 3593 767 3673 Cujus
794 3594 1163 3655 incredibiles
1190 3596 1444 3676 lepores,
1471 3607 1541 3657 ut
1584 3597 1884 3677 Josephus
1929 3596 2193 3676 Scaliger
2220 3597 2458 3658 dicebat
2482 3595 2643 3670 olim,
2672 3598 2771 3658 vix

581 3691 937 3752 centesimus
966 3691 1324 3753 eruditorum
1354 3694 1601 3774 quisque
1628 3694 1809 3756 videt.
1892 3695 1985 3755 Ne
2013 3713 2147 3753 cum
2180 3691 2282 3754 illo
2312 3692 2484 3753 simul
2509 3703 2572 3754 et
2596 3694 2770 3753 Afra-

582 3788 765 3860 nium,
808 3786 1110 3865 antiquum
1142 3788 1469 3866 comicum,
1508 3790 1927 3864 condemnent,
1971 3790 2143 3871 cujus
2181 3791 2547 3853 verissimum
2587 3798 2770 3870 atque

582 3883 916 3945 absolutum
942 3894 1105 3944 extat
1121 3884 1447 3965 judicium:

818 4014 1091 4077 Terentio
1116 4035 1235 4076 non
1264 4017 1509 4078 similem
1538 4019 1702 4079 dices
1732 4018 2082 4098 quempiam.

584 4123 771 4185 Nobis
800 4126 1024 4188 Eruditi
1051 4128 1382 4207 ignoscent,
1406 4129 1565 4209 quod
1600 4128 1736 4190 hoec
1776 4128 1989 4203 fusius,
2037 4130 2085 4189 si
2129 4127 2393 4207 cogitent
2418 4126 2765 4206 praesertim,

580 4240 797 4283 munus
824 4224 941 4283 veri
966 4224 1167 4287 Critici
1195 4244 1327 4287 esse
1355 4246 1427 4288 ac
1444 4227 1744 4302 Censoris,
1773 4247 1892 4289 non
1917 4225 2209 4289 literulam
2236 4222 2450 4305 ejicere
2477 4222 2634 4299 alibi,
2661 4232 2766 4283 aut
