3234 4934
1055 439 1326 487 vlc'ron
1377 439 1474 488 na
1519 440 1903 488 commum.
2480 426 2603 489 61-

383 581 660 643 rabatur:
701 581 987 661 vigesimo
1029 580 1153 638 sere
1195 589 1406 658 postea
1431 599 1612 658 quam
1659 579 1911 640 Romani
1955 581 2203 660 primum
2256 581 2569 662 Carthagi-

384 679 685 739 niensibus
737 678 954 736 bellum
1003 675 1406 735 indixissent:
1467 687 1608 735 tunc
1658 677 1812 735 enim
1858 694 2007 755 pace
2048 678 2396 756 composita,
2435 699 2573 756 quae

385 775 602 854 populo
640 782 806 834 tanto
832 791 1010 851 opere
1037 774 1446 850 expetebatur,
1489 770 1547 828 id
1580 791 1769 850 genus
1812 771 2223 832 oblectamenti
2272 772 2574 833 relaxandi

385 869 562 928 animi
589 871 776 949 gratia
802 880 1102 946 receptum
1133 875 1245 927 est.
1331 865 1562 925 Deinde
1609 867 1803 944 spatio
1831 886 2042 926 novem
2074 886 2361 926 annorum
2394 869 2575 929 inter-

375 964 557 1044 jecto,
608 967 681 1025 C.
707 965 948 1025 Noevius
989 964 1130 1022 data
1162 961 1392 1020 Fabula
1427 961 1739 1039 spectandi
1767 961 1995 1039 copiam
2022 963 2181 1021 fecit.
2266 962 2414 1022 Post
2440 983 2573 1024 eum

385 1059 678 1134 Plautus,
706 1079 864 1120 anno
908 1061 1030 1119 sere
1079 1058 1306 1119 decimo
1335 1057 1585 1135 quinto:
1632 1058 1886 1116 subinde
1934 1057 2187 1116 seriatim
2220 1058 2297 1126 Q.
2328 1059 2575 1132 Ennius,

388 1155 686 1227 Omcilius,
714 1165 776 1216 et
801 1155 1104 1214 Terentius
1145 1154 1428 1211 floruere:
1472 1161 1685 1231 postea
1730 1171 1849 1210 non
1892 1153 2078 1212 multo
2129 1153 2447 1224 Pacuvius,
2476 1156 2577 1233 qui

375 1250 502 1329 jam
529 1269 714 1311 senex
740 1249 924 1309 Accio
951 1247 1150 1308 cessit.
1235 1245 1542 1304 Postremo
1567 1247 1829 1306 Lucilius
1857 1247 1986 1320 fuit,
2014 1248 2115 1326 qui
2144 1249 2398 1309 medium
2426 1249 2575 1309 iilud

387 1355 815 1425 argumentum,
842 1343 1142 1404 lacerandi
1162 1341 1393 1402 scilicet
1420 1341 1665 1401 aliorum
1685 1346 1979 1421 poEmata,
2000 1345 2355 1404 sectabatur.
2402 1346 2577 1406 Hunc

388 1442 544 1501 enim
574 1441 802 1501 Gellius
841 1440 902 1498 in
931 1439 1177 1499 Accium
1225 1449 1286 1497 et
1334 1437 1663 1512 Pacuvium·
1708 1458 1928 1518 magna
1954 1439 2129 1500 laude
2168 1438 2385 1519 stylum
2413 1461 2581 1502 exer-

388 1537 586 1596 cuisse
611 1545 882 1596 testatur.
967 1535 1224 1594 Fabulas
1269 1535 1449 1613 igitur
1476 1534 1593 1606 isti,
1620 1534 1699 1593 de
1724 1535 1939 1595 Graeco
1969 1535 2181 1616 petitas
2210 1548 2579 1616 argumento,

389 1631 612 1690 Latinis
661 1630 880 1690 salibus
920 1629 1164 1690 condire
1215 1621 1588 1690 statuerunt:
1656 1627 2152 1709 quemadmodum
2200 1631 2261 1690 iu
2304 1625 2579 1702 Terentii.

389 1727 482 1786 vel
529 1726 746 1797 Plauti,
791 1746 926 1804 quae
969 1726 1480 1797 circumferuntur,
1529 1724 1769 1785 Fabulis
1818 1736 1913 1785 est
1956 1725 2187 1786 videre:
2233 1727 2580 1805 Novamque

389 1823 622 1902 penitus
651 1821 1015 1881 Comoediam
1043 1831 1183 1880 sunt
1211 1821 1441 1893 imitati,
1469 1820 1693 1880 nullam
1722 1821 1885 1881 chori
1925 1821 2300 1884 modulantes
2333 1823 2582 1882 cantile-

389 1937 565 1977 nam:
609 1916 714 1977 sed
742 1926 909 1977 actus
963 1921 1056 1994 (ut
1096 1917 1182 1975 ait
1207 1915 1560 1995 Porphyrio)
1603 1916 1875 1975 tibiarum
1906 1927 2196 1978 concentu
2222 1918 2580 1979 dirimentes.

393 2011 508 2072 Ubi
537 2031 734 2090 operae
777 2013 1027 2090 pretium
1076 2021 1170 2070 est
1221 2011 1684 2071 animadvertere
1732 2012 1905 2071 tibias
1952 2012 2114 2072 chori
2164 2014 2579 2093 proprietatem

393 2108 677 2168 oemulari.
758 2107 916 2166 Nam
939 2111 1033 2183 (ut
1058 2113 1264 2166 auctor
1293 2115 1387 2165 est
1417 2105 1721 2180 Donatus)
1746 2126 1881 2184 quaa
1906 2106 2149 2166 Fabulae
2173 2125 2379 2185 graves
2401 2108 2583 2168 habc-

389 2213 592 2264 reutur
617 2213 681 2263 et
707 2221 950 2275 severae,
991 2202 1152 2262 tibiis
1179 2200 1406 2260 dextris
1434 2201 1528 2280 agi
1562 2211 2027 2260 consueverunt:
2070 2216 2205 2279 quoe
2247 2219 2387 2262 vero
2428 2203 2583 2282 jocis

391 2309 454 2358 et
477 2299 701 2357 urbane
729 2297 904 2358 dictis
933 2295 1194 2374 undique
1213 2303 1532 2368 scaterent,
1555 2293 1835 2354 continuo
1858 2285 2133 2354 sinistris.
2195 2295 2411 2356 Pollux
2429 2300 2584 2357 enim

393 2405 598 2454 auctor
622 2403 718 2454 est
742 2393 1000 2474 quinque
1042 2393 1180 2452 olim
1215 2393 1274 2451 in
1305 2411 1486 2452 scena
1517 2391 1737 2470 januas
1766 2391 2071 2458 extitisse:
2114 2409 2361 2470 quarum
2389 2391 2585 2454 media

391 2488 546 2550 illius
574 2490 812 2550 omnino
836 2489 1192 2549 domicilium
1223 2499 1402 2560 esset,
1453 2490 1554 2568 qui
1591 2487 1807 2568 primas
1837 2489 1895 2547 in
1928 2487 2153 2547 Fabula
2178 2497 2377 2567 partes
2404 2489 2583 2549 habe·

393 2593 517 2644 ret:
561 2585 766 2656 altera,
813 2583 1026 2644 dextra
1071 2583 1320 2655 scilicet,
1370 2583 1508 2642 huic
1557 2584 1845 2662 proxima,
1893 2583 2049 2644 illius
2092 2602 2224 2642 esse
2252 2585 2583 2655 consuevit,

357 2753 360 2756 .
395 2680 491 2738 cui
517 2688 710 2758 partes
739 2679 1017 2740 darentur
1054 2677 1375 2738 secundae:
1441 2678 1634 2751 tertia,
1664 2678 1920 2748 sinistra,
1964 2677 2057 2736 vel
2087 2677 2339 2736 maxime
2368 2677 2584 2750 tenuis,

397 2785 499 2834 aut
524 2775 742 2835 nullius
769 2784 897 2834 erat
924 2791 1215 2853 personae,
1255 2773 1352 2832 vel
1383 2772 1718 2833 desolatum
1762 2771 2003 2850 aliquod
2053 2771 2369 2830 simulabat
2398 2776 2587 2832 sacel-

393 2871 535 2930 lum.
623 2872 700 2930 At
726 2871 1076 2948 reliquarum
1103 2868 1314 2928 dextra
1331 2887 1435 2928 eos
1465 2869 1730 2926 emittere
1759 2867 2008 2938 solebat,
2028 2867 2129 2946 qui
2156 2884 2277 2925 non
2306 2869 2381 2926 ab
2406 2869 2585 2940 Urbe,

399 2965 506 3026 sed
524 2964 762 3024 aliunde
783 2962 1320 3042 proficiscerentur:
1347 2959 1582 3020 sinistra
1595 2980 1731 3019 vero
1748 2969 1974 3031 contra,
1990 2970 2283 3036 quotquot
2300 2965 2587 3032 venirent,

397 3062 654 3120 urbanos
683 3058 1063 3138 producebat.
1158 3055 1253 3114 Ab
1304 3054 1419 3112 hac
1467 3057 1561 3130 (ut
1589 3054 1861 3127 arbitror)
1908 3053 2033 3130 ejus
2084 3051 2329 3111 Fabulae
2372 3054 2589 3114 chorus

395 3155 628 3234 prodire
679 3150 1006 3223 consuevit,
1053 3168 1202 3229 quas
1252 3147 1474 3208 salibus
1511 3147 1783 3226 jocisque
1830 3147 2043 3206 referta
2096 3164 2228 3205 esse
2270 3146 2585 3209 videretur.

279 3261 286 3266 ·
400 3252 653 3332 Quippe,
680 3249 842 3331 quod
869 3248 1059 3306 facete
1087 3245 1325 3317 dicitur,
1367 3243 1625 3303 solemus
1654 3245 1943 3302 urbanum
1973 3241 2289 3321 appellare.
2372 3245 2587 3304 Verum

400 3349 476 3407 ab
503 3347 710 3419 altera,
757 3344 810 3404 si
833 3341 1086 3403 rusticos
1116 3339 1342 3400 Fabula.
1367 3338 1718 3410 contineret,
1759 3335 2021 3416 >quadam
2052 3356 2258 3396 severa
2305 3339 2585 3418 gravique

402 3443 772 3522 simplicitate
813 3440 1024 3499 chorus
1055 3437 1446 3498 emittebatur.
1531 3433 1763 3493 Etenim
1801 3451 1903 3492 eos
1938 3432 2309 3511 potissimum
2336 3436 2591 3496 rusticos

402 3559 705 3610 vocamus,
760 3537 865 3616 qui
922 3553 1151 3614 semper
1219 3532 1480 3592 obducto
1548 3528 1859 3609 supercilio
1918 3528 2162 3588 facetias
2228 3539 2589 3591 aversantur.

406 3633 581 3693 Unde
619 3630 967 3692 Palamedes
1017 3627 1176 3709 apud
1227 3628 1649 3688 Philostratum
1702 3625 1777 3684 ab
1819 3624 2051 3684 Achille
2099 3623 2314 3683 dicitur
2358 3629 2593 3704 ἀγρικώ-

403 3751 576 3807 προσ,
619 3726 920 3807 quoniam,
969 3735 1038 3784 ut
1082 3734 1209 3786 erat
1255 3723 1514 3804 undique
1545 3739 1806 3794 severus,
1846 3720 1908 3780 in
1955 3716 2181 3780 deliciis
2232 3721 2411 3780 etiam
2443 3721 2589 3780 nihil

402 3825 664 3884 haberet.

485 3918 782 3988 Ceterum,
808 3913 952 3975 licet
975 3913 1160 3972 multa
1198 3897 1320 3973 siut
1355 3932 1576 3992 genera
1615 3911 1907 3980 tibiarum,
1942 3919 2141 3970 tamen
2188 3908 2309 3969 duo
2350 3927 2589 3969 scenam

405 4015 768 4094 potissimum
796 4009 1270 4089 frequentabant,
1312 4007 1591 4070 videlicet
1617 4006 1933 4087 Phrygiae:
1996 4023 2241 4084 quarum
2286 4005 2589 4064 nonnullae

406 4109 582 4170 modo
609 4108 856 4178 dextrae,
897 4105 1078 4166 modo
1109 4103 1362 4163 sinistroe
1399 4107 1795 4184 ponebantur.
1882 4102 2143 4171 Dextrae,
2171 4119 2307 4176 quae
2328 4099 2590 4160 foramen

409 4205 644 4266 unicum
687 4204 1008 4264 habereut:
1066 4199 1343 4272 sinistrae,
1391 4221 1528 4281 quaa
1555 4200 1791 4261 duobus
1818 4206 2023 4259 essent
2064 4194 2440 4256 foraminibus
2469 4196 2592 4256 dis·
