3234 4934
611 404 739 471 148
1202 416 1479 466 sumus
1524 414 1784 464 cassa
1835 414 2210 463 sumena

570 562 573 565 ’
610 576 767 635 octo,
796 560 1135 621 tetrametri.
1216 558 1367 619 Hoec
1413 556 1571 636 apud
1623 557 1888 616 Graecos.
1975 556 2170 615 Latini
2207 566 2402 615 autem
2435 555 2526 616 his
2557 557 2804 617 nomini-

610 662 723 719 bus
754 659 929 717 etiam
960 644 1073 716 alia
1102 655 1420 715 addidere:
1478 674 1596 713 non
1625 656 1700 713 ab
1731 654 2220 724 dimensionibus,
2267 672 2402 731 quoe
2431 653 2598 712 binos
2627 672 2806 733 cape-

612 764 741 816 rent
769 752 971 833 pedes,
1000 753 1107 813 sed
1136 772 1171 811 a
1198 752 1415 832 pedum
1457 770 1722 822 numero,
1765 750 2194 829 quaternarios,
2225 750 2509 821 senarios,
2559 760 2803 809 octona-

612 855 729 914 rios
756 871 771 911 :
814 860 979 911 tanto
1010 848 1397 920 commodius,
1418 868 1554 907 cum
1584 847 1760 906 unica
1785 866 1930 906 voce
1959 846 2136 907 etiarn
2167 847 2486 927 imparibus
2516 848 2804 907 constitu-

614 964 707 1009 tos
736 947 986 1026 pedibus
1016 946 1432 1004 nominabant:
1474 942 1794 1021 quinarios,
1833 943 2216 1022 septenarios.
2285 944 2435 1002 Nam
2464 944 2576 1002 bos
2605 944 2804 1003 Groeei

608 1042 1165 1123 brachycatalectici
1207 1040 1535 1119 adjectione
1578 1050 1936 1117 agnoscunt,
1983 1039 2186 1117 quanti
2223 1040 2364 1099 sint.
2449 1040 2804 1099 octonarios

613 1154 807 1200 autem
852 1140 1029 1198 etiam
1056 1137 1379 1217 quadratos
1424 1136 1892 1215 appellavimus:
1951 1136 2446 1213 quemadmodum
2495 1137 2554 1195 in
2599 1137 2806 1195 cubica

612 1236 802 1313 figura
830 1234 1031 1311 anguli
1078 1233 1277 1291 octoni
1308 1242 1485 1290 sunt:
1550 1232 1652 1301 ita,
1691 1252 1826 1291 cum
1875 1231 2126 1291 eandem
2155 1231 2600 1311 quadrantalem
2649 1230 2806 1289 dice-

612 1341 762 1401 rent,
790 1329 1000 1389 eodem
1050 1327 1286 1387 nomine
1331 1327 1513 1386 hosce
1541 1346 1743 1386 versus
1793 1327 2110 1406 insignitos
2140 1328 2396 1388 voluere.
2483 1329 2634 1387 Nam
2661 1347 2803 1387 con-

612 1427 818 1486 stituta
848 1424 1139 1502 quadrata
1166 1421 1526 1501 superficiem
1574 1422 1627 1479 si
1653 1421 1800 1481 fluat
1828 1433 2006 1499 atque
2051 1436 2262 1501 postea
2307 1426 2567 1495 sistatur,
2613 1424 2803 1503 quad·

612 1520 799 1580 rantal
832 1530 1026 1578 creat:
1089 1537 1272 1597 quare
1316 1536 1529 1595 corpus
1558 1516 1672 1576 hoc
1703 1516 1894 1576 Latini
1923 1516 2140 1577 Graeca
2165 1539 2312 1578 voce
2339 1532 2624 1579 tesseram
2645 1520 2800 1577 voci-

612 1626 855 1675 tarunt:
896 1634 1015 1673 non
1064 1633 1099 1673 a
1142 1613 1391 1674 laterum
1436 1632 1698 1685 numero,
1747 1626 1813 1673 ut
1859 1613 2098 1692 quidam
2135 1625 2432 1693 putavere,
2478 1628 2618 1675 sunt
2645 1616 2800 1675 enim

613 1731 753 1772 sex:
798 1712 903 1771 sed
934 1711 1010 1769 ab
1040 1708 1235 1770 radice
1260 1710 1694 1769 constitutionis
1718 1729 1736 1768 ι
1779 1713 1865 1771 sic
1887 1712 2040 1771 enim
2062 1712 2367 1791 appellant
2383 1711 2803 1771 mathematici.

610 1808 927 1877 Proeterea‚
978 1826 1110 1865 cum
1142 1805 1357 1865 senarii
1400 1806 1534 1885 plus
1584 1806 1643 1863 in
1695 1826 1806 1865 usu
1849 1806 2122 1877 fuissent,
2169 1810 2510 1887 primusque
2561 1806 2801 1865 Boistus

610 1901 953 1984 produxerit
994 1904 1349 1972 octonarios,
1396 1902 1470 1960 ab
1518 1899 1619 1961 illo
1663 1912 1853 1961 tractu
1906 1901 2116 1981 longos
2163 1902 2558 1961 nominavere.
2644 1902 2804 1980 Ergo

610 2018 805 2078 neque
834 1998 1063 2057 Gellius
1097 1988 1403 2057 Ennianos
1429 2016 1636 2057 versus
1665 1998 1988 2077 quadratos
2019 2010 2173 2059 recte
2201 1998 2522 2079 appellavit
2551 1999 2800 2057 trochai-

610 2116 714 2157 oos
742 2096 915 2157 illos:
960 2096 1129 2155 ‘Hoc
1177 2095 1289 2154 erit
1330 2094 1437 2153 tibi
1486 2105 1898 2172 argumentum
1941 2112 2171 2172 semper
2215 2095 2278 2154 in
2321 2108 2552 2173 promtu
2597 2098 2798 2156 situm.

610 2193 703 2251 Ne
732 2193 875 2271 quid
904 2202 1179 2269 expectes
1206 2190 1453 2261 amicos,
1500 2201 1626 2250 tute
1655 2190 1817 2268 quod
1859 2190 2052 2268 possis
2083 2192 2296 2268 agere!
2378 2191 2586 2269 Neque
2615 2193 2804 2251 Varro

609 2286 667 2345 in
698 2288 947 2365 septimo
976 2286 1051 2345 de
1083 2285 1309 2363 Lingua
1338 2285 1547 2343 Latina
1576 2284 1710 2343 illos
1739 2303 1814 2343 ex
1833 2284 2159 2344 Eunucho:
2202 2295 2218 2319 ⁴
2247 2286 2390 2345 Heri
2413 2286 2640 2365 aliquot
2655 2287 2802 2347 ado·-

609 2382 919 2442 leseentuli
946 2382 1168 2440 coimus
1212 2382 1271 2438 in
1300 2379 1533 2439 Piraeo:
1616 2379 1925 2458 Siquidem
1965 2381 2218 2440 Rufinus
2265 2392 2471 2441 auctor
2499 2394 2610 2451 est,
2657 2402 2802 2442 eun-

614 2476 747 2537 dem
778 2476 1101 2535 Varronem
1141 2476 1225 2533 ita
1250 2474 1529 2544 sensisse,
1558 2494 1789 2535 versum
1819 2477 2215 2555 septenarium
2251 2477 2398 2549 fieri,
2439 2498 2576 2537 cum
2607 2478 2684 2537 ad
2713 2500 2802 2540 se·

611 2572 835 2631 narium
894 2590 995 2650 pes
1052 2570 1387 2650 trisyllabus
1444 2569 1795 2631 adderetur:
1867 2571 2150 2651 additque
2199 2574 2534 2653 exemplum
2591 2576 2800 2635 iisdem

611 2668 889 2737 numeris,
932 2686 1005 2725 ex
1058 2666 1333 2745 Hecyra:
1393 2671 1410 2699 ‘
1432 2666 1587 2724 Nam
1639 2666 1689 2724 si
1739 2666 2040 2727 remittant
2085 2668 2382 2749 quippiam
2433 2670 2800 2732 Philumenae

614 2764 893 2824 dolores!
977 2762 1114 2821 Non
1143 2761 1331 2821 solum
1358 2760 1535 2839 igitur
1560 2780 1599 2819 a
1628 2779 1692 2820 se
1716 2760 1992 2821 dissentit
2019 2763 2170 2843 ipse,
2201 2782 2400 2823 verum
2439 2766 2616 2825 etiam
2647 2780 2806 2825 errat

611 2859 966 2920 definiendo.
1052 2858 1207 2917 Nam
1226 2868 1289 2917 et
1313 2858 1499 2937 major
1526 2868 1617 2918 est
1645 2859 1999 2937 septenario,
2043 2871 2105 2919 et
2133 2858 2469 2940 trisyllabus
2515 2882 2617 2940 pes
2661 2864 2802 2921 hac-

610 2956 779 3018 chius
806 2956 1148 3035 proesertim,
1180 2955 1371 3015 iambo
1398 2973 1517 3014 non
1546 2954 1738 3015 solum
1763 2967 1859 3016 est
1881 2956 2264 3027 adventitius,
2311 2955 2418 3017 sed
2447 2959 2620 3017 etiam
2651 2958 2800 3018 alte-

609 3055 728 3112 rius
782 3065 1007 3114 tractus
1063 3052 1301 3123 diversi,
1340 3069 1530 3130 neque
1578 3050 1798 3131 dignus
1851 3052 1955 3131 qui
2003 3054 2062 3111 in
2117 3054 2346 3112 iambici
2395 3052 2792 3113 definitionem

612 3147 985 3213 admittatur:
1016 3158 1079 3205 et
1105 3144 1413 3206 ridiculum
1442 3158 1553 3218 est,
1584 3166 1704 3205 non
1733 3146 1928 3224 potius
1975 3147 2368 3224 septenarium
2411 3168 2488 3207 ex
2539 3152 2802 3227 septenis

609 3243 755 3315 fieri,
784 3244 939 3302 sicut
964 3260 1037 3299 ex
1068 3242 1227 3301 senis
1256 3242 1573 3311 senarium,
1604 3260 1782 3320 quam
1821 3262 1854 3302 e
1879 3241 2116 3303 sen-ario
2147 3253 2210 3304 et
2251 3260 2370 3303 uno
2399 3232 2585 3322 pede:
2629 3257 2798 3305 tanto

610 3340 805 3399 minus
846 3337 1169 3416 trisyllabo.
1270 3337 1391 3396 Sed
1445 3338 1712 3416 profecto
1765 3357 2016 3416 magnos
2065 3339 2219 3397 viros
2273 3342 2590 3399 auctoritas
2637 3360 2798 3419 saepe

610 3435 775 3501 texit,
799 3435 973 3494 etiam
1006 3434 1157 3493 male
1186 3432 1549 3492 sentientes:
1592 3432 1749 3491 sicut
1791 3433 2137 3492 Ciceronem
2165 3453 2402 3512 quoque
2430 3434 2583 3513 fugit
2629 3437 2800 3507 ratio,

608 3550 743 3591 cum
770 3530 831 3588 in
863 3530 1049 3609 prima
1072 3529 1403 3608 quaestione
1430 3528 1770 3587 Tusculana
1797 3530 2160 3608 septenarios
2187 3540 2362 3590 vocat
2401 3531 2532 3590 illos
2561 3551 2574 3589 ε
2620 3539 2636 3565 ‘
2661 3532 2796 3591 Heu

608 3625 888 3705 reliq-uias
916 3626 1179 3685 semiassi
1206 3624 1361 3703 regis
1390 3623 1708 3686 denudatis
1761 3626 2020 3697 ossibus,
2065 3624 2178 3685 Per
2215 3637 2426 3685 terram
2457 3628 2623 3687 sanie
2651 3626 2800 3689 deli-

606 3723 781 3783 butas
810 3721 963 3801 iJoede
1010 3721 1110 3779 diu
1140 3722 1441 3781 vexarier!
1522 3720 1824 3792 Erasmus,
1855 3722 2180 3782 Varronem
2219 3735 2770 3795 secutus,tetrame-

607 3832 762 3879 trum
804 3818 987 3879 nihilo
1010 3816 1237 3878 felicius
1282 3816 1595 3902 explicavit
1618 3816 1736 3876 illis
1777 3818 1990 3889 verbis,
2035 3818 2346 3877 iambicum
2391 3828 2792 3877 tetrametrum

606 3914 901 3975 interdurn
928 3914 985 3972 in
1016 3915 1133 3973 fine
1162 3913 1416 3974 fraudari
1452 3933 1572 3974 una
1612 3913 1844 3993 syllaba
1869 3914 2161 3993 producta
2185 3912 2529 3993 penultima,
2555 3917 2789 3991 quoties

606 4011 859 4070 iambico
883 4010 1131 4070 dimetro
1160 4012 1442 4070 accinitur
1478 4010 1725 4070 dimeter
1749 4011 2150 4071 catalecticus.
2228 4009 2378 4069 Nam
2407 4008 2550 4087 quid
2579 4010 2792 4069 attine-

606 4108 709 4164 bat
735 4106 927 4165 dicere
956 4106 1336 4185 penultimam
1366 4104 1756 4183 productam?
1817 4126 2008 4185 neque
2053 4106 2203 4167 enim
2235 4104 2626 4166 necessarium
2673 4104 2786 4163 hoc

608 4210 738 4260 est:
784 4221 902 4282 quo
932 4204 1063 4261 loco
1092 4213 1154 4261 et
1181 4202 1505 4262 tribrachus
1535 4218 1667 4263 esse
1709 4214 1906 4283 potest
1933 4216 1994 4263 et
2021 4203 2334 4282 dactylus:
2389 4220 2634 4279 quorum
2665 4202 2788 4279 syl-
