<?xml version="1.0" encoding="UTF-8"?>
<!DOCTYPE html PUBLIC "-//W3C//DTD XHTML 1.0 Transitional//EN"
    "http://www.w3.org/TR/xhtml1/DTD/xhtml1-transitional.dtd">
<html xmlns="http://www.w3.org/1999/xhtml" xml:lang="en" lang="en">
 <head>
  <title>
</title>
<meta http-equiv="Content-Type" content="text/html;charset=utf-8" />
  <meta name='ocr-system' content='tesseract 3.04.00' />
  <meta name='ocr-capabilities' content='ocr_page ocr_carea ocr_par ocr_line ocrx_word'/>
</head>
<body>
  <div class='ocr_page' id='page_1' title='image "./comoedisex10westgoog_0268.png"; bbox 0 0 3234 4934; ppageno 0'>
   <div class='ocr_carea' id='block_1_1' title="bbox 608 403 2042 470">
    <p class='ocr_par' dir='ltr' id='par_1_1' title="bbox 608 403 2042 470">
     <span class='ocr_line' id='line_1_1' title="bbox 608 403 2042 470; baseline -0.003 0"><span class='ocrx_word' id='word_1_1' title='bbox 608 403 741 470; x_wconf 72' lang='lat'>26⁰</span> <span class='ocrx_word' id='word_1_2' title='bbox 1357 421 1634 468; x_wconf 70' lang='lat' dir='ltr'>nnoem</span> <span class='ocrx_word' id='word_1_3' title='bbox 1684 419 2042 469; x_wconf 66' lang='lat' dir='ltr'>vanuum</span> 
     </span>
    </p>
   </div>
   <div class='ocr_carea' id='block_1_2' title="bbox 932 583 2440 720">
    <p class='ocr_par' dir='ltr' id='par_1_2' title="bbox 932 583 2440 720">
     <span class='ocr_line' id='line_1_2' title="bbox 932 583 2440 720; baseline 0.003 -23"><span class='ocrx_word' id='word_1_4' title='bbox 932 583 1209 699; x_wconf 86' lang='lat' dir='ltr'>Hieron.</span> <span class='ocrx_word' id='word_1_5' title='bbox 1240 635 1307 698; x_wconf 90' lang='lat' dir='ltr'>in</span> <span class='ocrx_word' id='word_1_6' title='bbox 1338 633 1690 712; x_wconf 88' lang='lat' dir='ltr'>Chronico,</span> <span class='ocrx_word' id='word_1_7' title='bbox 1720 634 1990 720; x_wconf 83' lang='lat' dir='ltr'>Olymp.</span> <span class='ocrx_word' id='word_1_8' title='bbox 2020 637 2170 700; x_wconf 84' lang='lat'><strong>165.</strong></span> <span class='ocrx_word' id='word_1_9' title='bbox 2201 654 2346 700; x_wconf 87' lang='lat' dir='ltr'>ann.</span> <span class='ocrx_word' id='word_1_10' title='bbox 2374 635 2440 701; x_wconf 82' lang='lat'>3.</span> 
     </span>
    </p>
   </div>
   <div class='ocr_carea' id='block_1_3' title="bbox 606 765 2798 1162">
    <p class='ocr_par' dir='ltr' id='par_1_3' title="bbox 606 765 2798 1162">
     <span class='ocr_line' id='line_1_3' title="bbox 606 765 2798 851; baseline 0.002 -25"><span class='ocrx_word' id='word_1_11' title='bbox 606 819 613 826; x_wconf 88' lang='lat'><em>.</em></span> <span class='ocrx_word' id='word_1_12' title='bbox 695 765 776 830; x_wconf 92' lang='grc' dir='ltr'>Ρ.</span> <span class='ocrx_word' id='word_1_13' title='bbox 800 767 1149 834; x_wconf 78' lang='lat' dir='ltr'>Terentius</span> <span class='ocrx_word' id='word_1_14' title='bbox 1192 767 1784 851; x_wconf 60' lang='lat' dir='ltr'>Carthaginiensem,</span> <span class='ocrx_word' id='word_1_15' title='bbox 1835 766 2328 832; x_wconf 80' lang='lat' dir='ltr'>Comoediarum</span> <span class='ocrx_word' id='word_1_16' title='bbox 2371 767 2680 849; x_wconf 84' lang='lat' dir='ltr'><strong>scriptor,</strong></span> <span class='ocrx_word' id='word_1_17' title='bbox 2709 765 2798 830; x_wconf 86' lang='lat' dir='ltr'>ob</span> 
     </span>
     <span class='ocr_line' id='line_1_4' title="bbox 608 867 2796 952; baseline -0.001 -17"><span class='ocrx_word' id='word_1_18' title='bbox 608 871 941 952; x_wconf 78' lang='lat' dir='ltr'>ingenium</span> <span class='ocrx_word' id='word_1_19' title='bbox 964 879 1035 934; x_wconf 87' lang='lat' dir='ltr'>et</span> <span class='ocrx_word' id='word_1_20' title='bbox 1060 870 1343 935; x_wconf 87' lang='lat' dir='ltr'>formam</span> <span class='ocrx_word' id='word_1_21' title='bbox 1372 869 1684 935; x_wconf 87' lang='lat' dir='ltr'>libertate</span> <span class='ocrx_word' id='word_1_22' title='bbox 1715 869 2032 946; x_wconf 83' lang='lat' dir='ltr'>donatus,</span> <span class='ocrx_word' id='word_1_23' title='bbox 2062 867 2134 932; x_wconf 89' lang='lat' dir='ltr'>in</span> <span class='ocrx_word' id='word_1_24' title='bbox 2163 867 2456 934; x_wconf 77' lang='lat' dir='ltr'>Arcadia</span> <span class='ocrx_word' id='word_1_25' title='bbox 2480 869 2796 932; x_wconf 88' lang='lat' dir='ltr'>moritur:</span> 
     </span>
     <span class='ocr_line' id='line_1_5' title="bbox 607 969 2796 1060; baseline -0.002 -21"><span class='ocrx_word' id='word_1_26' title='bbox 607 977 725 1060; x_wconf 89' lang='lat' dir='ltr'>qui</span> <span class='ocrx_word' id='word_1_27' title='bbox 748 976 1025 1060; x_wconf 90' lang='lat' dir='ltr'>primam</span> <span class='ocrx_word' id='word_1_28' title='bbox 1044 971 1388 1050; x_wconf 83' lang='lat' dir='ltr'>Andriam,</span> <span class='ocrx_word' id='word_1_29' title='bbox 1412 979 1777 1054; x_wconf 78' lang='lat' dir='ltr'>antequam</span> <span class='ocrx_word' id='word_1_30' title='bbox 1800 971 2138 1036; x_wconf 86' lang='lat' dir='ltr'>AEdilibus</span> <span class='ocrx_word' id='word_1_31' title='bbox 2162 971 2496 1049; x_wconf 85' lang='lat' dir='ltr'>venderet,</span> <span class='ocrx_word' id='word_1_32' title='bbox 2514 969 2796 1035; x_wconf 65' lang='lat' dir='ltr'>Caecilio</span> 
     </span>
     <span class='ocr_line' id='line_1_6' title="bbox 606 1065 1811 1162; baseline -0.007 -21"><span class='ocrx_word' id='word_1_33' title='bbox 606 1065 895 1162; x_wconf 84' lang='lat' dir='ltr'>(Acilio)</span> <span class='ocrx_word' id='word_1_34' title='bbox 922 1077 1197 1141; x_wconf 90' lang='lat' dir='ltr'>multum</span> <span class='ocrx_word' id='word_1_35' title='bbox 1228 1094 1304 1140; x_wconf 88' lang='lat' dir='ltr'>se</span> <span class='ocrx_word' id='word_1_36' title='bbox 1332 1075 1601 1138; x_wconf 87' lang='lat' dir='ltr'>miranti</span> <span class='ocrx_word' id='word_1_37' title='bbox 1627 1075 1811 1156; x_wconf 84' lang='lat' dir='ltr'>legit.</span> 
     </span>
    </p>
   </div>
   <div class='ocr_carea' id='block_1_4' title="bbox 950 1236 2454 1326">
    <p class='ocr_par' dir='ltr' id='par_1_4' title="bbox 950 1236 2454 1326">
     <span class='ocr_line' id='line_1_7' title="bbox 950 1236 2454 1326; baseline -0.002 -19"><span class='ocrx_word' id='word_1_38' title='bbox 950 1236 1180 1307; x_wconf 84' lang='lat' dir='ltr'>Idem:</span> <span class='ocrx_word' id='word_1_39' title='bbox 1226 1239 1312 1306; x_wconf 90' lang='lat' dir='ltr'>de</span> <span class='ocrx_word' id='word_1_40' title='bbox 1344 1241 1624 1326; x_wconf 84' lang='lat' dir='ltr'>Optimo</span> <span class='ocrx_word' id='word_1_41' title='bbox 1654 1239 1917 1306; x_wconf 83' lang='lat' dir='ltr'>Genere</span> <span class='ocrx_word' id='word_1_42' title='bbox 1947 1239 2454 1324; x_wconf 85' lang='lat' dir='ltr'>Interpretandi.</span> 
     </span>
    </p>
   </div>
   <div class='ocr_carea' id='block_1_5' title="bbox 602 1375 2796 1768">
    <p class='ocr_par' dir='ltr' id='par_1_5' title="bbox 602 1375 2796 1768">
     <span class='ocr_line' id='line_1_8' title="bbox 604 1375 2796 1454; baseline -0.002 -10"><span class='ocrx_word' id='word_1_43' title='bbox 604 1439 609 1444; x_wconf 79' lang='grc'><strong>,</strong></span> <span class='ocrx_word' id='word_1_44' title='bbox 686 1377 1049 1444; x_wconf 84' lang='lat' dir='ltr'>Terentius</span> <span class='ocrx_word' id='word_1_45' title='bbox 1096 1376 1556 1454; x_wconf 86' lang='lat' dir='ltr'>Menandrum,</span> <span class='ocrx_word' id='word_1_46' title='bbox 1600 1375 1892 1441; x_wconf 83' lang='lat' dir='ltr'>Plautus</span> <span class='ocrx_word' id='word_1_47' title='bbox 1935 1381 2004 1441; x_wconf 91' lang='lat' dir='ltr'>et</span> <span class='ocrx_word' id='word_1_48' title='bbox 2032 1375 2350 1442; x_wconf 77' lang='lat' dir='ltr'>Caecilius</span> <span class='ocrx_word' id='word_1_49' title='bbox 2378 1384 2633 1441; x_wconf 79' lang='lat' dir='ltr'>veteres</span> <span class='ocrx_word' id='word_1_50' title='bbox 2678 1396 2796 1443; x_wconf 91' lang='lat' dir='ltr'>co-</span> 
     </span>
     <span class='ocr_line' id='line_1_9' title="bbox 602 1478 2796 1562; baseline -0.002 -17"><span class='ocrx_word' id='word_1_51' title='bbox 602 1483 815 1546; x_wconf 90' lang='lat' dir='ltr'>micos</span> <span class='ocrx_word' id='word_1_52' title='bbox 844 1478 1258 1562; x_wconf 86' lang='lat' dir='ltr'>interpretati</span> <span class='ocrx_word' id='word_1_53' title='bbox 1286 1485 1471 1542; x_wconf 88' lang='lat' dir='ltr'>sunt:</span> <span class='ocrx_word' id='word_1_54' title='bbox 1515 1479 1846 1562; x_wconf 86' lang='lat' dir='ltr'>numquid</span> <span class='ocrx_word' id='word_1_55' title='bbox 1875 1478 2122 1544; x_wconf 81' lang='lat' dir='ltr'>haerent</span> <span class='ocrx_word' id='word_1_56' title='bbox 2147 1479 2215 1543; x_wconf 89' lang='lat' dir='ltr'>in</span> <span class='ocrx_word' id='word_1_57' title='bbox 2241 1479 2508 1545; x_wconf 60' lang='lat' dir='ltr'>verbis?</span> <span class='ocrx_word' id='word_1_58' title='bbox 2557 1498 2638 1544; x_wconf 82' lang='lat' dir='ltr'>ac</span> <span class='ocrx_word' id='word_1_59' title='bbox 2667 1497 2796 1543; x_wconf 92' lang='lat' dir='ltr'>non</span> 
     </span>
     <span class='ocr_line' id='line_1_10' title="bbox 603 1579 2792 1663; baseline -0.001 -17"><span class='ocrx_word' id='word_1_60' title='bbox 603 1583 911 1646; x_wconf 85' lang='lat' dir='ltr'>decorem</span> <span class='ocrx_word' id='word_1_61' title='bbox 970 1581 1180 1662; x_wconf 86' lang='lat' dir='ltr'>magis</span> <span class='ocrx_word' id='word_1_62' title='bbox 1228 1584 1298 1644; x_wconf 88' lang='lat' dir='ltr'>et</span> <span class='ocrx_word' id='word_1_63' title='bbox 1347 1579 1746 1663; x_wconf 84' lang='lat' dir='ltr'>elegantiam</span> <span class='ocrx_word' id='word_1_64' title='bbox 1791 1580 1863 1644; x_wconf 93' lang='lat' dir='ltr'>in</span> <span class='ocrx_word' id='word_1_65' title='bbox 1902 1582 2327 1646; x_wconf 87' lang='lat' dir='ltr'>translatione</span> <span class='ocrx_word' id='word_1_66' title='bbox 2376 1587 2792 1659; x_wconf 81' lang='lat' dir='ltr'>conservant,</span> 
     </span>
     <span class='ocr_line' id='line_1_11' title="bbox 606 1683 1822 1768; baseline -0.002 -20"><span class='ocrx_word' id='word_1_67' title='bbox 606 1703 809 1768; x_wconf 87' lang='lat' dir='ltr'>quam</span> <span class='ocrx_word' id='word_1_68' title='bbox 838 1683 1188 1748; x_wconf 89' lang='lat' dir='ltr'>veritatem</span> <span class='ocrx_word' id='word_1_69' title='bbox 1218 1683 1774 1766; x_wconf 82' lang='lat' dir='ltr'>interpretationis</span> <span class='ocrx_word' id='word_1_70' title='bbox 1790 1683 1822 1746; x_wconf 71' lang='lat' dir='ltr'>&#39;i</span> 
     </span>
    </p>
   </div>
   <div class='ocr_carea' id='block_1_6' title="bbox 1097 1849 2293 1930">
    <p class='ocr_par' dir='ltr' id='par_1_6' title="bbox 1097 1849 2293 1930">
     <span class='ocr_line' id='line_1_12' title="bbox 1097 1849 2293 1930; baseline -0.001 -15"><span class='ocrx_word' id='word_1_71' title='bbox 1097 1850 1310 1930; x_wconf 90' lang='lat' dir='ltr'>Idem,</span> <span class='ocrx_word' id='word_1_72' title='bbox 1354 1849 1443 1915; x_wconf 87' lang='lat' dir='ltr'>ad</span> <span class='ocrx_word' id='word_1_73' title='bbox 1486 1850 1764 1916; x_wconf 87' lang='lat' dir='ltr'>Suniam</span> <span class='ocrx_word' id='word_1_74' title='bbox 1805 1857 1878 1916; x_wconf 88' lang='lat' dir='ltr'>et</span> <span class='ocrx_word' id='word_1_75' title='bbox 1920 1849 2293 1916; x_wconf 86' lang='lat' dir='ltr'>Fretellam.</span> 
     </span>
    </p>
   </div>
   <div class='ocr_carea' id='block_1_7' title="bbox 600 1981 2797 2555">
    <p class='ocr_par' dir='ltr' id='par_1_7' title="bbox 600 1981 2797 2555">
     <span class='ocr_line' id='line_1_13' title="bbox 690 1981 2793 2067; baseline 0 -19"><span class='ocrx_word' id='word_1_76' title='bbox 690 1983 894 2049; x_wconf 88' lang='lat' dir='ltr'>Hanc</span> <span class='ocrx_word' id='word_1_77' title='bbox 936 2003 1087 2049; x_wconf 88' lang='lat' dir='ltr'>esse</span> <span class='ocrx_word' id='word_1_78' title='bbox 1128 1983 1427 2065; x_wconf 87' lang='lat' dir='ltr'>regulam</span> <span class='ocrx_word' id='word_1_79' title='bbox 1454 1984 1620 2047; x_wconf 91' lang='lat' dir='ltr'>boni</span> <span class='ocrx_word' id='word_1_80' title='bbox 1664 1983 2065 2067; x_wconf 86' lang='lat' dir='ltr'>interpretis,</span> <span class='ocrx_word' id='word_1_81' title='bbox 2109 1989 2184 2049; x_wconf 89' lang='lat' dir='ltr'>ut</span> <span class='ocrx_word' id='word_1_82' title='bbox 2225 1981 2480 2048; x_wconf 86' lang='lat' dir='ltr'>idioma</span> <span class='ocrx_word' id='word_1_83' title='bbox 2522 1984 2793 2049; x_wconf 89' lang='lat' dir='ltr'>alterius</span> 
     </span>
     <span class='ocr_line' id='line_1_14' title="bbox 601 2085 2796 2171; baseline 0 -19"><span class='ocrx_word' id='word_1_84' title='bbox 601 2086 850 2170; x_wconf 85' lang='lat' dir='ltr'>linguae</span> <span class='ocrx_word' id='word_1_85' title='bbox 879 2105 1025 2151; x_wconf 81' lang='lat' dir='ltr'>suae</span> <span class='ocrx_word' id='word_1_86' title='bbox 1053 2085 1301 2167; x_wconf 82' lang='lat' dir='ltr'>linguae</span> <span class='ocrx_word' id='word_1_87' title='bbox 1345 2088 1686 2170; x_wconf 84' lang='lat' dir='ltr'>exprimat</span> <span class='ocrx_word' id='word_1_88' title='bbox 1726 2087 2164 2171; x_wconf 87' lang='lat' dir='ltr'>proprietate:</span> <span class='ocrx_word' id='word_1_89' title='bbox 2212 2086 2393 2167; x_wconf 89' lang='lat' dir='ltr'>quod</span> <span class='ocrx_word' id='word_1_90' title='bbox 2427 2085 2700 2168; x_wconf 85' lang='lat' dir='ltr'>quidem</span> <span class='ocrx_word' id='word_1_91' title='bbox 2727 2093 2796 2153; x_wconf 88' lang='lat' dir='ltr'>et</span> 
     </span>
     <span class='ocr_line' id='line_1_15' title="bbox 601 2181 2796 2269; baseline -0.001 -16"><span class='ocrx_word' id='word_1_92' title='bbox 601 2188 896 2254; x_wconf 87' lang='lat' dir='ltr'>Tullium</span> <span class='ocrx_word' id='word_1_93' title='bbox 940 2189 1010 2252; x_wconf 87' lang='lat' dir='ltr'>in</span> <span class='ocrx_word' id='word_1_94' title='bbox 1037 2183 1411 2269; x_wconf 85' lang='lat' dir='ltr'>Protagora</span> <span class='ocrx_word' id='word_1_95' title='bbox 1456 2185 1790 2263; x_wconf 84' lang='lat' dir='ltr'>Platonis,</span> <span class='ocrx_word' id='word_1_96' title='bbox 1838 2193 1908 2250; x_wconf 88' lang='lat' dir='ltr'>et</span> <span class='ocrx_word' id='word_1_97' title='bbox 1949 2187 2018 2249; x_wconf 90' lang='lat' dir='ltr'>in</span> <span class='ocrx_word' id='word_1_98' title='bbox 2063 2185 2509 2249; x_wconf 87' lang='lat' dir='ltr'>OEconomico</span> <span class='ocrx_word' id='word_1_99' title='bbox 2554 2181 2796 2250; x_wconf 88' lang='lat' dir='ltr'>Xeno·</span> 
     </span>
     <span class='ocr_line' id='line_1_16' title="bbox 600 2285 2797 2374; baseline -0 -21"><span class='ocrx_word' id='word_1_100' title='bbox 600 2290 891 2374; x_wconf 78' lang='lat' dir='ltr'>phontiS,</span> <span class='ocrx_word' id='word_1_101' title='bbox 934 2294 1002 2353; x_wconf 87' lang='lat' dir='ltr'>et</span> <span class='ocrx_word' id='word_1_102' title='bbox 1040 2287 1113 2352; x_wconf 89' lang='lat' dir='ltr'>in</span> <span class='ocrx_word' id='word_1_103' title='bbox 1155 2287 1618 2352; x_wconf 83' lang='lat' dir='ltr'>Demosthenis</span> <span class='ocrx_word' id='word_1_104' title='bbox 1660 2291 1890 2351; x_wconf 90' lang='lat' dir='ltr'>contra</span> <span class='ocrx_word' id='word_1_105' title='bbox 1931 2285 2313 2349; x_wconf 86' lang='lat' dir='ltr'>AEschinem</span> <span class='ocrx_word' id='word_1_106' title='bbox 2359 2287 2659 2350; x_wconf 89' lang='lat' dir='ltr'>oratione</span> <span class='ocrx_word' id='word_1_107' title='bbox 2699 2289 2797 2352; x_wconf 84' lang='lat' dir='ltr'>fe-</span> 
     </span>
     <span class='ocr_line' id='line_1_17' title="bbox 603 2383 2793 2472; baseline -0 -17"><span class='ocrx_word' id='word_1_108' title='bbox 603 2393 777 2456; x_wconf 87' lang='lat' dir='ltr'>cisse</span> <span class='ocrx_word' id='word_1_109' title='bbox 822 2388 1296 2462; x_wconf 85' lang='lat' dir='ltr'>convincimus,</span> <span class='ocrx_word' id='word_1_110' title='bbox 1347 2393 1418 2450; x_wconf 89' lang='lat' dir='ltr'>et</span> <span class='ocrx_word' id='word_1_111' title='bbox 1461 2384 1800 2464; x_wconf 87' lang='lat' dir='ltr'>Plautum,</span> <span class='ocrx_word' id='word_1_112' title='bbox 1843 2383 2240 2467; x_wconf 86' lang='lat' dir='ltr'>Terentium,</span> <span class='ocrx_word' id='word_1_113' title='bbox 2286 2385 2793 2472; x_wconf 82' lang='lat' dir='ltr'>Caeciliumque,</span> 
     </span>
     <span class='ocr_line' id='line_1_18' title="bbox 602 2487 2618 2555; baseline -0.001 0"><span class='ocrx_word' id='word_1_114' title='bbox 602 2489 1083 2555; x_wconf 87' lang='lat' dir='ltr'>eruditissimos</span> <span class='ocrx_word' id='word_1_115' title='bbox 1110 2488 1295 2552; x_wconf 82' lang='lat' dir='ltr'>viros</span> <span class='ocrx_word' id='word_1_116' title='bbox 1324 2491 1393 2553; x_wconf 87' lang='lat' dir='ltr'>in</span> <span class='ocrx_word' id='word_1_117' title='bbox 1422 2487 1690 2553; x_wconf 82' lang='lat' dir='ltr'>Graecis</span> <span class='ocrx_word' id='word_1_118' title='bbox 1722 2487 2098 2553; x_wconf 86' lang='lat' dir='ltr'>Comoediis</span> <span class='ocrx_word' id='word_1_119' title='bbox 2128 2489 2618 2553; x_wconf 84' lang='lat' dir='ltr'>transferendis.</span> 
     </span>
    </p>
   </div>
   <div class='ocr_carea' id='block_1_8' title="bbox 1329 2642 2071 2723">
    <p class='ocr_par' dir='ltr' id='par_1_8' title="bbox 1329 2642 2071 2723">
     <span class='ocr_line' id='line_1_19' title="bbox 1329 2642 2071 2723; baseline -0.003 -17"><span class='ocrx_word' id='word_1_120' title='bbox 1329 2642 1543 2723; x_wconf 87' lang='lat' dir='ltr'>Idem,</span> <span class='ocrx_word' id='word_1_121' title='bbox 1574 2643 1664 2708; x_wconf 89' lang='lat' dir='ltr'>ad</span> <span class='ocrx_word' id='word_1_122' title='bbox 1694 2643 2071 2707; x_wconf 89' lang='lat' dir='ltr'>Paulinum.</span> 
     </span>
    </p>
   </div>
   <div class='ocr_carea' id='block_1_9' title="bbox 599 2760 2794 3250">
    <p class='ocr_par' dir='ltr' id='par_1_9' title="bbox 599 2760 2794 3250">
     <span class='ocr_line' id='line_1_20' title="bbox 688 2760 2793 2846; baseline 0.002 -22"><span class='ocrx_word' id='word_1_123' title='bbox 688 2760 923 2825; x_wconf 83' lang='lat' dir='ltr'>Habet</span> <span class='ocrx_word' id='word_1_124' title='bbox 972 2761 1487 2846; x_wconf 86' lang='lat' dir='ltr'>unumquodque</span> <span class='ocrx_word' id='word_1_125' title='bbox 1531 2764 1950 2846; x_wconf 81' lang='lat' dir='ltr'>propositum</span> <span class='ocrx_word' id='word_1_126' title='bbox 1993 2763 2335 2846; x_wconf 83' lang='lat' dir='ltr'>principes</span> <span class='ocrx_word' id='word_1_127' title='bbox 2377 2781 2562 2827; x_wconf 86' lang='lat' dir='ltr'>suos.</span> <span class='ocrx_word' id='word_1_128' title='bbox 2655 2763 2793 2828; x_wconf 91' lang='lat' dir='ltr'>Ro—</span> 
     </span>
     <span class='ocr_line' id='line_1_21' title="bbox 600 2861 2794 2946; baseline 0.002 -20"><span class='ocrx_word' id='word_1_129' title='bbox 600 2863 776 2926; x_wconf 89' lang='lat' dir='ltr'>mani</span> <span class='ocrx_word' id='word_1_130' title='bbox 821 2861 1027 2927; x_wconf 87' lang='lat' dir='ltr'>duces</span> <span class='ocrx_word' id='word_1_131' title='bbox 1069 2864 1410 2928; x_wconf 84' lang='lat' dir='ltr'>imitentur</span> <span class='ocrx_word' id='word_1_132' title='bbox 1463 2862 1807 2944; x_wconf 74' lang='lat' dir='ltr'>Camillos,</span> <span class='ocrx_word' id='word_1_133' title='bbox 1855 2863 2228 2942; x_wconf 61' lang='lat' dir='ltr'>Fabricios»,</span> <span class='ocrx_word' id='word_1_134' title='bbox 2273 2864 2602 2946; x_wconf 75' lang='lat' dir='ltr'>Regulos,</span> <span class='ocrx_word' id='word_1_135' title='bbox 2647 2867 2794 2930; x_wconf 87' lang='lat' dir='ltr'>Sci·</span> 
     </span>
     <span class='ocr_line' id='line_1_22' title="bbox 601 2963 2794 3050; baseline 0.002 -24"><span class='ocrx_word' id='word_1_136' title='bbox 601 2963 881 3046; x_wconf 87' lang='lat' dir='ltr'>piones:</span> <span class='ocrx_word' id='word_1_137' title='bbox 929 2963 1312 3047; x_wconf 87' lang='lat' dir='ltr'>philosophi</span> <span class='ocrx_word' id='word_1_138' title='bbox 1341 2971 1721 3047; x_wconf 87' lang='lat' dir='ltr'>proponant</span> <span class='ocrx_word' id='word_1_139' title='bbox 1748 2965 1880 3029; x_wconf 85' lang='lat' dir='ltr'>sibi</span> <span class='ocrx_word' id='word_1_140' title='bbox 1911 2965 2384 3050; x_wconf 84' lang='lat' dir='ltr'>Pythagoram,</span> <span class='ocrx_word' id='word_1_141' title='bbox 2423 2965 2794 3046; x_wconf 87' lang='lat' dir='ltr'>Socratem,</span> 
     </span>
     <span class='ocr_line' id='line_1_23' title="bbox 601 3059 2794 3144; baseline 0.001 -15"><span class='ocrx_word' id='word_1_142' title='bbox 601 3066 978 3144; x_wconf 87' lang='lat' dir='ltr'>Platonem,</span> <span class='ocrx_word' id='word_1_143' title='bbox 1006 3064 1471 3132; x_wconf 81' lang='lat' dir='ltr'>Aristotelem:</span> <span class='ocrx_word' id='word_1_144' title='bbox 1520 3059 1762 3132; x_wconf 68' lang='lat' dir='ltr'>Poetae</span> <span class='ocrx_word' id='word_1_145' title='bbox 1795 3065 2188 3132; x_wconf 82' lang='lat' dir='ltr'>aemulentur</span> <span class='ocrx_word' id='word_1_146' title='bbox 2218 3062 2612 3144; x_wconf 90' lang='lat' dir='ltr'>Homerum,</span> <span class='ocrx_word' id='word_1_147' title='bbox 2637 3067 2794 3132; x_wconf 89' lang='lat' dir='ltr'>Vir-</span> 
     </span>
     <span class='ocr_line' id='line_1_24' title="bbox 599 3165 1797 3250; baseline -0.003 -18"><span class='ocrx_word' id='word_1_148' title='bbox 599 3168 850 3250; x_wconf 83' lang='lat' dir='ltr'>gilium,</span> <span class='ocrx_word' id='word_1_149' title='bbox 884 3165 1358 3244; x_wconf 86' lang='lat' dir='ltr'>Menandrum,</span> <span class='ocrx_word' id='word_1_150' title='bbox 1390 3168 1797 3232; x_wconf 85' lang='lat' dir='ltr'>Terentium.</span> 
     </span>
    </p>
   </div>
   <div class='ocr_carea' id='block_1_10' title="bbox 1083 3322 2302 3407">
    <p class='ocr_par' dir='ltr' id='par_1_10' title="bbox 1083 3322 2302 3407">
     <span class='ocr_line' id='line_1_25' title="bbox 1083 3322 2302 3407; baseline 0.002 -20"><span class='ocrx_word' id='word_1_151' title='bbox 1083 3322 1346 3388; x_wconf 87' lang='lat' dir='ltr'>Paulus</span> <span class='ocrx_word' id='word_1_152' title='bbox 1378 3323 1688 3400; x_wconf 80' lang='lat' dir='ltr'>OrosiuS,</span> <span class='ocrx_word' id='word_1_153' title='bbox 1725 3323 1845 3388; x_wconf 90' lang='lat' dir='ltr'>lib.</span> <span class='ocrx_word' id='word_1_154' title='bbox 1877 3340 1978 3386; x_wconf 75' lang='lat' dir='ltr'>iv·</span> <span class='ocrx_word' id='word_1_155' title='bbox 2008 3345 2163 3407; x_wconf 87' lang='lat' dir='ltr'>cap.</span> <span class='ocrx_word' id='word_1_156' title='bbox 2195 3326 2302 3389; x_wconf 80' lang='lat'>19.</span> 
     </span>
    </p>
   </div>
   <div class='ocr_carea' id='block_1_11' title="bbox 600 3439 2793 3910">
    <p class='ocr_par' dir='ltr' id='par_1_11' title="bbox 600 3439 2793 3910">
     <span class='ocr_line' id='line_1_26' title="bbox 685 3439 2793 3525; baseline 0.002 -22"><span class='ocrx_word' id='word_1_157' title='bbox 685 3440 923 3522; x_wconf 89' lang='lat' dir='ltr'>Scipio</span> <span class='ocrx_word' id='word_1_158' title='bbox 958 3441 1106 3524; x_wconf 88' lang='lat' dir='ltr'>jam</span> <span class='ocrx_word' id='word_1_159' title='bbox 1136 3445 1295 3505; x_wconf 90' lang='lat' dir='ltr'>tunc</span> <span class='ocrx_word' id='word_1_160' title='bbox 1326 3447 1768 3520; x_wconf 88' lang='lat' dir='ltr'>cognomento</span> <span class='ocrx_word' id='word_1_161' title='bbox 1801 3439 2192 3518; x_wconf 77' lang='lat' dir='ltr'>AfricanuS,</span> <span class='ocrx_word' id='word_1_162' title='bbox 2233 3442 2653 3525; x_wconf 89' lang='lat' dir='ltr'>triumphans</span> <span class='ocrx_word' id='word_1_163' title='bbox 2682 3461 2793 3508; x_wconf 87' lang='lat' dir='ltr'>ur-</span> 
     </span>
     <span class='ocr_line' id='line_1_27' title="bbox 600 3537 2791 3626; baseline 0.003 -23"><span class='ocrx_word' id='word_1_164' title='bbox 600 3540 751 3604; x_wconf 91' lang='lat' dir='ltr'>bem</span> <span class='ocrx_word' id='word_1_165' title='bbox 803 3543 1144 3624; x_wconf 88' lang='lat' dir='ltr'>ingressus</span> <span class='ocrx_word' id='word_1_166' title='bbox 1190 3546 1320 3618; x_wconf 86' lang='lat' dir='ltr'>est,</span> <span class='ocrx_word' id='word_1_167' title='bbox 1363 3560 1563 3626; x_wconf 89' lang='lat' dir='ltr'>quem</span> <span class='ocrx_word' id='word_1_168' title='bbox 1590 3537 1972 3614; x_wconf 84' lang='lat' dir='ltr'>Terentius,</span> <span class='ocrx_word' id='word_1_169' title='bbox 2023 3542 2140 3625; x_wconf 89' lang='lat' dir='ltr'>qui</span> <span class='ocrx_word' id='word_1_170' title='bbox 2183 3549 2423 3626; x_wconf 84' lang='lat' dir='ltr'>postea</span> <span class='ocrx_word' id='word_1_171' title='bbox 2469 3545 2791 3622; x_wconf 88' lang='lat' dir='ltr'>comicus,</span> 
     </span>
     <span class='ocr_line' id='line_1_28' title="bbox 600 3638 2790 3729; baseline 0.002 -25"><span class='ocrx_word' id='word_1_172' title='bbox 600 3660 689 3704; x_wconf 76' lang='lat' dir='ltr'>ex</span> <span class='ocrx_word' id='word_1_173' title='bbox 718 3642 1051 3707; x_wconf 88' lang='lat' dir='ltr'>nobilibus</span> <span class='ocrx_word' id='word_1_174' title='bbox 1096 3638 1732 3726; x_wconf 84' lang='lat' dir='ltr'>Carthaginiensium</span> <span class='ocrx_word' id='word_1_175' title='bbox 1778 3639 2068 3726; x_wconf 78' lang='lat' dir='ltr'>captivis</span> <span class='ocrx_word' id='word_1_176' title='bbox 2111 3643 2426 3728; x_wconf 80' lang='lat' dir='ltr'>pileatus,</span> <span class='ocrx_word' id='word_1_177' title='bbox 2468 3643 2650 3729; x_wconf 89' lang='lat' dir='ltr'>quod</span> <span class='ocrx_word' id='word_1_178' title='bbox 2691 3648 2790 3710; x_wconf 92' lang='lat' dir='ltr'>in-</span> 
     </span>
     <span class='ocr_line' id='line_1_29' title="bbox 600 3741 2789 3830; baseline 0.003 -25"><span class='ocrx_word' id='word_1_179' title='bbox 600 3741 805 3810; x_wconf 85' lang='lat' dir='ltr'>dultae</span> <span class='ocrx_word' id='word_1_180' title='bbox 836 3743 965 3808; x_wconf 89' lang='lat' dir='ltr'>sibi</span> <span class='ocrx_word' id='word_1_181' title='bbox 985 3743 1317 3810; x_wconf 84' lang='lat' dir='ltr'>libertatis</span> <span class='ocrx_word' id='word_1_182' title='bbox 1345 3742 1599 3827; x_wconf 87' lang='lat' dir='ltr'>insigne</span> <span class='ocrx_word' id='word_1_183' title='bbox 1630 3743 1778 3822; x_wconf 85' lang='lat' dir='ltr'>fuit,</span> <span class='ocrx_word' id='word_1_184' title='bbox 1807 3743 2319 3828; x_wconf 87' lang='lat' dir='ltr'>triumphantem</span> <span class='ocrx_word' id='word_1_185' title='bbox 2350 3755 2508 3830; x_wconf 86' lang='lat' dir='ltr'>post</span> <span class='ocrx_word' id='word_1_186' title='bbox 2528 3763 2789 3812; x_wconf 84' lang='lat' dir='ltr'>currum</span> 
     </span>
     <span class='ocr_line' id='line_1_30' title="bbox 602 3850 1029 3910; baseline 0 -2"><span class='ocrx_word' id='word_1_187' title='bbox 602 3850 877 3909; x_wconf 85' lang='lat' dir='ltr'>secutus</span> <span class='ocrx_word' id='word_1_188' title='bbox 905 3850 1029 3910; x_wconf 88' lang='lat' dir='ltr'>est.</span> 
     </span>
    </p>
   </div>
   <div class='ocr_carea' id='block_1_12' title="bbox 590 3985 2790 4289">
    <p class='ocr_par' dir='ltr' id='par_1_12' title="bbox 601 3985 2790 4050">
     <span class='ocr_line' id='line_1_31' title="bbox 601 3985 2790 4050; baseline 0.002 -16"><span class='ocrx_word' id='word_1_189' title='bbox 601 3985 797 4046; x_wconf 67' lang='lat' dir='ltr'>Livius,</span> <span class='ocrx_word' id='word_1_190' title='bbox 826 3985 917 4034; x_wconf 86' lang='lat' dir='ltr'>lib.</span> <span class='ocrx_word' id='word_1_191' title='bbox 939 3995 1079 4035; x_wconf 78' lang='lat' dir='ltr'>xxx.</span> <span class='ocrx_word' id='word_1_192' title='bbox 1104 3997 1205 4034; x_wconf 84' lang='lat' dir='ltr'>non</span> <span class='ocrx_word' id='word_1_193' title='bbox 1227 3987 1475 4036; x_wconf 85' lang='lat' dir='ltr'>comicum</span> <span class='ocrx_word' id='word_1_194' title='bbox 1500 3989 1636 4038; x_wconf 82' lang='lat' dir='ltr'>hunc</span> <span class='ocrx_word' id='word_1_195' title='bbox 1659 3989 1923 4050; x_wconf 79' lang='lat' dir='ltr'>intelligit,</span> <span class='ocrx_word' id='word_1_196' title='bbox 1954 3988 2046 4037; x_wconf 71' lang='lat' dir='ltr'>sed</span> <span class='ocrx_word' id='word_1_197' title='bbox 2084 3988 2148 4037; x_wconf 75' lang='lat' dir='ltr'>ud</span> <span class='ocrx_word' id='word_1_198' title='bbox 2169 3989 2468 4038; x_wconf 81' lang='lat' dir='ltr'>Terentium</span> <span class='ocrx_word' id='word_1_199' title='bbox 2493 3991 2790 4039; x_wconf 78' lang='lat' dir='ltr'>Culleonem</span> 
     </span>
    </p>

    <p class='ocr_par' dir='ltr' id='par_1_13' title="bbox 590 4063 2788 4289">
     <span class='ocr_line' id='line_1_32' title="bbox 590 4063 2788 4133; baseline 0.002 -21"><span class='ocrx_word' id='word_1_200' title='bbox 590 4071 597 4076; x_wconf 85' lang='lat'>&#39;</span> <span class='ocrx_word' id='word_1_201' title='bbox 664 4072 956 4114; x_wconf 77' lang='lat' dir='ltr'>senatorem</span> <span class='ocrx_word' id='word_1_202' title='bbox 984 4063 1127 4115; x_wconf 82' lang='lat' dir='ltr'>Rom.</span> <span class='ocrx_word' id='word_1_203' title='bbox 1150 4063 1333 4127; x_wconf 78' lang='lat' dir='ltr'>refert,</span> <span class='ocrx_word' id='word_1_204' title='bbox 1370 4066 1457 4130; x_wconf 87' lang='lat' dir='ltr'>qui</span> <span class='ocrx_word' id='word_1_205' title='bbox 1481 4068 1617 4130; x_wconf 84' lang='lat' dir='ltr'>pileo</span> <span class='ocrx_word' id='word_1_206' title='bbox 1655 4069 1820 4131; x_wconf 75' lang='lat' dir='ltr'>cupiti</span> <span class='ocrx_word' id='word_1_207' title='bbox 1857 4069 2097 4132; x_wconf 71' lang='lat' dir='ltr'>imposito</span> <span class='ocrx_word' id='word_1_208' title='bbox 2135 4076 2342 4118; x_wconf 76' lang='lat' dir='ltr'>secutus</span> <span class='ocrx_word' id='word_1_209' title='bbox 2379 4075 2462 4120; x_wconf 76' lang='lat' dir='ltr'>’est</span> <span class='ocrx_word' id='word_1_210' title='bbox 2491 4068 2788 4133; x_wconf 71' lang='lat' dir='ltr'>Scipionem</span> 
     </span>
     <span class='ocr_line' id='line_1_33' title="bbox 667 4143 2788 4207; baseline 0.003 -15"><span class='ocrx_word' id='word_1_211' title='bbox 667 4143 1065 4207; x_wconf 79' lang='lat' dir='ltr'>triumphantem</span> <span class='ocrx_word' id='word_1_212' title='bbox 1086 4152 1281 4195; x_wconf 63' lang='lat' dir='ltr'>roei-te</span> <span class='ocrx_word' id='word_1_213' title='bbox 1302 4144 1372 4194; x_wconf 85' lang='lat' dir='ltr'>de</span> <span class='ocrx_word' id='word_1_214' title='bbox 1395 4147 1646 4196; x_wconf 79' lang='lat' dir='ltr'>alterutro</span> <span class='ocrx_word' id='word_1_215' title='bbox 1671 4149 1971 4200; x_wconf 72' lang='lat' dir='ltr'>Quintiliani</span> <span class='ocrx_word' id='word_1_216' title='bbox 1993 4149 2151 4198; x_wconf 80' lang='lat' dir='ltr'>etiam</span> <span class='ocrx_word' id='word_1_217' title='bbox 2181 4150 2326 4199; x_wconf 72' lang='lat' dir='ltr'>locus</span> <span class='ocrx_word' id='word_1_218' title='bbox 2355 4165 2422 4200; x_wconf 84' lang='lat' dir='ltr'>ex</span> <span class='ocrx_word' id='word_1_219' title='bbox 2445 4151 2682 4200; x_wconf 74' lang='lat' dir='ltr'>Det-lam.</span> <span class='ocrx_word' id='word_1_220' title='bbox 2703 4161 2788 4199; x_wconf 78' lang='lat' dir='ltr'>rx.</span> 
     </span>
     <span class='ocr_line' id='line_1_34' title="bbox 666 4222 1583 4289; baseline 0.004 -16"><span class='ocrx_word' id='word_1_221' title='bbox 666 4222 1034 4288; x_wconf 78' lang='lat' dir='ltr'>intelligendus</span> <span class='ocrx_word' id='word_1_222' title='bbox 1056 4232 1156 4276; x_wconf 76' lang='lat' dir='ltr'>est.</span> <span class='ocrx_word' id='word_1_223' title='bbox 1191 4226 1583 4289; x_wconf 71' lang='lat' dir='ltr'>Lindenbmgiaa.</span> 
     </span>
    </p>
   </div>
  </div>
 </body>
</html>
