<?xml version="1.0" encoding="UTF-8"?>
<!DOCTYPE html PUBLIC "-//W3C//DTD XHTML 1.0 Transitional//EN"
    "http://www.w3.org/TR/xhtml1/DTD/xhtml1-transitional.dtd">
<html xmlns="http://www.w3.org/1999/xhtml" xml:lang="en" lang="en">
 <head>
  <title>
</title>
<meta http-equiv="Content-Type" content="text/html;charset=utf-8" />
  <meta name='ocr-system' content='tesseract 3.04.00' />
  <meta name='ocr-capabilities' content='ocr_page ocr_carea ocr_par ocr_line ocrx_word'/>
</head>
<body>
  <div class='ocr_page' id='page_1' title='image "./comoedisex10westgoog_0019.png"; bbox 0 0 3234 4934; ppageno 0'>
   <div class='ocr_carea' id='block_1_1' title="bbox 1323 419 2625 482">
    <p class='ocr_par' dir='ltr' id='par_1_1' title="bbox 1323 419 2625 482">
     <span class='ocr_line' id='line_1_1' title="bbox 1323 419 2625 482; baseline 0.006 -8"><span class='ocrx_word' id='word_1_1' title='bbox 1323 425 1734 476; x_wconf 70' lang='lat' dir='ltr'><strong>PuAEsA&#39;rro.</strong></span> <span class='ocrx_word' id='word_1_2' title='bbox 2580 419 2625 482; x_wconf 87' lang='lat'><strong>9</strong></span> 
     </span>
    </p>
   </div>
   <div class='ocr_carea' id='block_1_2' title="bbox 421 566 2621 4314">
    <p class='ocr_par' dir='ltr' id='par_1_2' title="bbox 421 566 2621 4314">
     <span class='ocr_line' id='line_1_2' title="bbox 431 566 2621 656; baseline 0.003 -22"><span class='ocrx_word' id='word_1_3' title='bbox 431 566 706 634; x_wconf 82' lang='lat' dir='ltr'><strong>laudavi</strong></span> <span class='ocrx_word' id='word_1_4' title='bbox 737 580 968 654; x_wconf 81' lang='lat' dir='ltr'><strong>supra.</strong></span> <span class='ocrx_word' id='word_1_5' title='bbox 1059 569 1236 636; x_wconf 76' lang='lat' dir='ltr'><strong>Haec</strong></span> <span class='ocrx_word' id='word_1_6' title='bbox 1267 591 1392 653; x_wconf 86' lang='lat' dir='ltr'><strong>ego</strong></span> <span class='ocrx_word' id='word_1_7' title='bbox 1425 573 1691 654; x_wconf 76' lang='grc' dir='ltr'><strong>κειμῆλια</strong></span> <span class='ocrx_word' id='word_1_8' title='bbox 1720 573 1953 656; x_wconf 77' lang='lat' dir='ltr'><strong>quanti</strong></span> <span class='ocrx_word' id='word_1_9' title='bbox 1998 574 2295 653; x_wconf 76' lang='lat' dir='ltr'><strong>fecerim,</strong></span> <span class='ocrx_word' id='word_1_10' title='bbox 2342 575 2621 640; x_wconf 82' lang='lat' dir='ltr'><strong>saciam-</strong></span> 
     </span>
     <span class='ocr_line' id='line_1_3' title="bbox 435 671 2619 760; baseline 0.004 -26"><span class='ocrx_word' id='word_1_11' title='bbox 435 687 584 753; x_wconf 90' lang='lat' dir='ltr'><strong>que,</strong></span> <span class='ocrx_word' id='word_1_12' title='bbox 613 671 836 736; x_wconf 77' lang='lat' dir='ltr'><strong>verbis</strong></span> <span class='ocrx_word' id='word_1_13' title='bbox 863 674 1234 756; x_wconf 81' lang='lat' dir='ltr'>exprimere</span> <span class='ocrx_word' id='word_1_14' title='bbox 1255 693 1387 738; x_wconf 90' lang='lat' dir='ltr'><strong>non</strong></span> <span class='ocrx_word' id='word_1_15' title='bbox 1413 694 1735 758; x_wconf 83' lang='lat' dir='ltr'><strong>possum3</strong></span> <span class='ocrx_word' id='word_1_16' title='bbox 1782 682 1967 742; x_wconf 88' lang='lat' dir='ltr'><strong>tanto</strong></span> <span class='ocrx_word' id='word_1_17' title='bbox 1997 677 2235 759; x_wconf 84' lang='lat' dir='ltr'><strong>magis,</strong></span> <span class='ocrx_word' id='word_1_18' title='bbox 2267 677 2446 760; x_wconf 90' lang='lat' dir='ltr'><strong>quod</strong></span> <span class='ocrx_word' id='word_1_19' title='bbox 2474 679 2619 742; x_wconf 90' lang='lat' dir='ltr'><strong>nul-</strong></span> 
     </span>
     <span class='ocr_line' id='line_1_4' title="bbox 431 771 2621 859; baseline 0.004 -25"><span class='ocrx_word' id='word_1_20' title='bbox 431 771 568 834; x_wconf 89' lang='lat' dir='ltr'><strong>lum</strong></span> <span class='ocrx_word' id='word_1_21' title='bbox 601 773 728 838; x_wconf 90' lang='lat' dir='ltr'><strong>sibi</strong></span> <span class='ocrx_word' id='word_1_22' title='bbox 763 772 992 838; x_wconf 84' lang='lat' dir='ltr'><strong>divitis</strong></span> <span class='ocrx_word' id='word_1_23' title='bbox 1023 772 1412 840; x_wconf 73' lang='lat' dir='ltr'><strong>Academiae</strong></span> <span class='ocrx_word' id='word_1_24' title='bbox 1443 775 1861 840; x_wconf 79' lang='lat' dir='ltr'><strong>oxoniensis</strong></span> <span class='ocrx_word' id='word_1_25' title='bbox 1907 777 2217 859; x_wconf 83' lang='lat' dir='ltr'><strong>aliosque</strong></span> <span class='ocrx_word' id='word_1_26' title='bbox 2266 777 2621 842; x_wconf 79' lang='lat' dir='ltr'><strong>Britanno·</strong></span> 
     </span>
     <span class='ocr_line' id='line_1_5' title="bbox 433 873 2619 962; baseline 0.003 -27"><span class='ocrx_word' id='word_1_27' title='bbox 433 891 578 936; x_wconf 87' lang='lat' dir='ltr'><strong>rum</strong></span> <span class='ocrx_word' id='word_1_28' title='bbox 594 875 868 946; x_wconf 84' lang='lat' dir='ltr'><strong>loculos</strong></span> <span class='ocrx_word' id='word_1_29' title='bbox 885 873 1324 958; x_wconf 72' lang='lat' dir='ltr'><strong>perlustranti</strong></span> <span class='ocrx_word' id='word_1_30' title='bbox 1343 886 1679 962; x_wconf 86' lang='lat' dir='ltr'><strong>repertum</strong></span> <span class='ocrx_word' id='word_1_31' title='bbox 1708 879 1957 945; x_wconf 83' lang='lat' dir='ltr'><strong>Donati</strong></span> <span class='ocrx_word' id='word_1_32' title='bbox 1982 878 2217 962; x_wconf 90' lang='lat' dir='ltr'><strong>scripti</strong></span> <span class='ocrx_word' id='word_1_33' title='bbox 2238 879 2619 962; x_wconf 81' lang='lat' dir='ltr'><strong>exemplum</strong></span> 
     </span>
     <span class='ocr_line' id='line_1_6' title="bbox 432 973 2619 1063; baseline 0.003 -25"><span class='ocrx_word' id='word_1_34' title='bbox 432 973 591 1038; x_wconf 88' lang='lat' dir='ltr'><strong>mihi</strong></span> <span class='ocrx_word' id='word_1_35' title='bbox 621 973 978 1041; x_wconf 81' lang='lat' dir='ltr'><strong>affirmavit</strong></span> <span class='ocrx_word' id='word_1_36' title='bbox 1005 978 1454 1044; x_wconf 87' lang='lat' dir='ltr'><strong>Doctissimus</strong></span> <span class='ocrx_word' id='word_1_37' title='bbox 1485 979 1911 1044; x_wconf 77' lang='lat' dir='ltr'><strong>Abrahamus</strong></span> <span class='ocrx_word' id='word_1_38' title='bbox 1940 979 2345 1044; x_wconf 76' lang='lat' dir='ltr'><strong>Gronovius.</strong></span> <span class='ocrx_word' id='word_1_39' title='bbox 2390 976 2619 1063; x_wconf 82' lang='lat' dir='ltr'><strong>Atque</strong></span> 
     </span>
     <span class='ocr_line' id='line_1_7' title="bbox 435 1077 2618 1164; baseline 0.003 -26"><span class='ocrx_word' id='word_1_40' title='bbox 435 1092 476 1137; x_wconf 97' lang='lat' dir='ltr'><strong>o</strong></span> <span class='ocrx_word' id='word_1_41' title='bbox 523 1077 777 1141; x_wconf 77' lang='lat' dir='ltr'><strong>utinum</strong></span> <span class='ocrx_word' id='word_1_42' title='bbox 823 1079 1080 1161; x_wconf 72' lang='lat' dir='ltr'><strong>integer</strong></span> <span class='ocrx_word' id='word_1_43' title='bbox 1110 1087 1496 1164; x_wconf 69' lang='lat' dir='ltr'><strong>superesset</strong></span> <span class='ocrx_word' id='word_1_44' title='bbox 1543 1081 1889 1146; x_wconf 80' lang='lat' dir='ltr'><strong>Donatus!</strong></span> <span class='ocrx_word' id='word_1_45' title='bbox 1981 1080 2091 1145; x_wconf 81' lang='lat' dir='ltr'><strong>lta</strong></span> <span class='ocrx_word' id='word_1_46' title='bbox 2120 1099 2277 1145; x_wconf 77' lang='lat' dir='ltr'><strong>vero</strong></span> <span class='ocrx_word' id='word_1_47' title='bbox 2306 1079 2520 1144; x_wconf 82' lang='lat' dir='ltr'><strong>multa</strong></span> <span class='ocrx_word' id='word_1_48' title='bbox 2548 1083 2618 1145; x_wconf 89' lang='lat' dir='ltr'><strong>in</strong></span> 
     </span>
     <span class='ocr_line' id='line_1_8' title="bbox 433 1167 2613 1265; baseline 0.004 -27"><span class='ocrx_word' id='word_1_49' title='bbox 433 1173 858 1244; x_wconf 85' lang='lat' dir='ltr'><strong>Comicorum</strong></span> <span class='ocrx_word' id='word_1_50' title='bbox 905 1180 1238 1264; x_wconf 80' lang='lat' dir='ltr'><strong>Principe,</strong></span> <span class='ocrx_word' id='word_1_51' title='bbox 1269 1201 1426 1265; x_wconf 79' lang='lat' dir='ltr'><strong>quae</strong></span> <span class='ocrx_word' id='word_1_52' title='bbox 1475 1182 1675 1245; x_wconf 86' lang='lat' dir='ltr'><strong>etiam</strong></span> <span class='ocrx_word' id='word_1_53' title='bbox 1724 1201 1899 1246; x_wconf 87' lang='lat' dir='ltr'><strong>nunc</strong></span> <span class='ocrx_word' id='word_1_54' title='bbox 1947 1167 2141 1264; x_wconf 74' lang='lat' dir='ltr'><strong>quasi</strong></span> <span class='ocrx_word' id='word_1_55' title='bbox 2187 1181 2258 1244; x_wconf 90' lang='lat' dir='ltr'><strong>in</strong></span> <span class='ocrx_word' id='word_1_56' title='bbox 2303 1181 2613 1246; x_wconf 85' lang='lat' dir='ltr'><strong>interiore</strong></span> 
     </span>
     <span class='ocr_line' id='line_1_9' title="bbox 431 1279 2617 1362; baseline 0.004 -22"><span class='ocrx_word' id='word_1_57' title='bbox 431 1279 1036 1360; x_wconf 83' lang='lat' dir='ltr'><strong>angulo.recondita</strong></span> <span class='ocrx_word' id='word_1_58' title='bbox 1061 1283 1578 1360; x_wconf 81' lang='lat' dir='ltr'><strong>latent,&#39;dudum</strong></span> <span class='ocrx_word' id='word_1_59' title='bbox 1609 1284 1939 1350; x_wconf 78' lang='lat' dir='ltr'><strong>illustrata</strong></span> <span class='ocrx_word' id='word_1_60' title='bbox 1966 1302 2284 1352; x_wconf 87' lang='lat' dir='ltr'><strong>cerneres.</strong></span> <span class='ocrx_word' id='word_1_61' title='bbox 2339 1283 2617 1362; x_wconf 88' lang='lat' dir='ltr'><strong>Verum,</strong></span> 
     </span>
     <span class='ocr_line' id='line_1_10' title="bbox 432 1382 2617 1459; baseline 0.002 -17"><span class='ocrx_word' id='word_1_62' title='bbox 432 1387 514 1443; x_wconf 90' lang='lat' dir='ltr'><strong>ut</strong></span> <span class='ocrx_word' id='word_1_63' title='bbox 538 1399 716 1444; x_wconf 88' lang='lat' dir='ltr'><strong>nunc</strong></span> <span class='ocrx_word' id='word_1_64' title='bbox 745 1387 874 1459; x_wconf 89' lang='lat' dir='ltr'><strong>est,</strong></span> <span class='ocrx_word' id='word_1_65' title='bbox 904 1384 1204 1449; x_wconf 88' lang='lat' dir='ltr'><strong>contenti</strong></span> <span class='ocrx_word' id='word_1_66' title='bbox 1237 1386 1446 1449; x_wconf 89' lang='lat' dir='ltr'><strong>simus</strong></span> <span class='ocrx_word' id='word_1_67' title='bbox 1475 1385 1606 1448; x_wconf 87' lang='lat' dir='ltr'><strong>hoc</strong></span> <span class='ocrx_word' id='word_1_68' title='bbox 1638 1384 1919 1449; x_wconf 87' lang='lat' dir='ltr'><strong>Catone.</strong></span> <span class='ocrx_word' id='word_1_69' title='bbox 1986 1382 2285 1448; x_wconf 66' lang='lat' dir='ltr'><strong>Accidit</strong></span> <span class='ocrx_word' id='word_1_70' title='bbox 2309 1383 2617 1448; x_wconf 87' lang='lat' dir='ltr'><strong>nimirum</strong></span> 
     </span>
     <span class='ocr_line' id='line_1_11' title="bbox 433 1481 2615 1570; baseline 0.001 -26"><span class='ocrx_word' id='word_1_71' title='bbox 433 1483 689 1563; x_wconf 87' lang='lat' dir='ltr'><strong>optimo</strong></span> <span class='ocrx_word' id='word_1_72' title='bbox 717 1481 1092 1568; x_wconf 84' lang='lat' dir='ltr'><strong>Interpreti,</strong></span> <span class='ocrx_word' id='word_1_73' title='bbox 1123 1485 1307 1570; x_wconf 92' lang='lat' dir='ltr'><strong>quod</strong></span> <span class='ocrx_word' id='word_1_74' title='bbox 1339 1487 1675 1552; x_wconf 82' lang='lat' dir='ltr'><strong>accidisse</strong></span> <span class='ocrx_word' id='word_1_75' title='bbox 1705 1488 1869 1551; x_wconf 90' lang='lat' dir='ltr'><strong>olim</strong></span> <span class='ocrx_word' id='word_1_76' title='bbox 1896 1486 2197 1569; x_wconf 88' lang='lat' dir='ltr'><strong>pluribus</strong></span> <span class='ocrx_word' id='word_1_77' title='bbox 2224 1503 2359 1548; x_wconf 88' lang='lat' dir='ltr'><strong>non</strong></span> <span class='ocrx_word' id='word_1_78' title='bbox 2398 1486 2615 1567; x_wconf 86' lang='lat' dir='ltr'><strong>pessi.-</strong></span> 
     </span>
     <span class='ocr_line' id='line_1_12' title="bbox 432 1584 2614 1670; baseline 0.002 -24"><span class='ocrx_word' id='word_1_79' title='bbox 432 1601 562 1646; x_wconf 79' lang='lat' dir='ltr'><strong>rnae</strong></span> <span class='ocrx_word' id='word_1_80' title='bbox 588 1588 765 1648; x_wconf 79' lang='lat' dir='ltr'><strong>notae</strong></span> <span class='ocrx_word' id='word_1_81' title='bbox 793 1584 1248 1670; x_wconf 88' lang='lat' dir='ltr'><strong>Scriptoribus</strong></span> <span class='ocrx_word' id='word_1_82' title='bbox 1294 1589 1526 1654; x_wconf 89' lang='lat' dir='ltr'><strong>merito</strong></span> <span class='ocrx_word' id='word_1_83' title='bbox 1573 1589 1799 1652; x_wconf 85' lang='lat' dir='ltr'><strong>dolent</strong></span> <span class='ocrx_word' id='word_1_84' title='bbox 1844 1587 2137 1666; x_wconf 89' lang='lat' dir='ltr'><strong>Eruditi,</strong></span> <span class='ocrx_word' id='word_1_85' title='bbox 2182 1593 2261 1652; x_wconf 85' lang='lat' dir='ltr'><strong>ut</strong></span> <span class='ocrx_word' id='word_1_86' title='bbox 2306 1587 2614 1650; x_wconf 86' lang='lat' dir='ltr'><strong>nimirum</strong></span> 
     </span>
     <span class='ocr_line' id='line_1_13' title="bbox 432 1675 2616 1773; baseline 0.002 -25"><span class='ocrx_word' id='word_1_87' title='bbox 432 1684 748 1750; x_wconf 81' lang='lat' dir='ltr'><strong>bonasui</strong></span> <span class='ocrx_word' id='word_1_88' title='bbox 775 1693 966 1769; x_wconf 87' lang='lat' dir='ltr'><strong>parte</strong></span> <span class='ocrx_word' id='word_1_89' title='bbox 991 1689 1282 1754; x_wconf 77' lang='lat' dir='ltr'><strong>mutilati</strong></span> <span class='ocrx_word' id='word_1_90' title='bbox 1313 1689 1396 1754; x_wconf 87' lang='lat' dir='ltr'><strong>ad</strong></span> <span class='ocrx_word' id='word_1_91' title='bbox 1429 1708 1550 1754; x_wconf 89' lang='lat' dir='ltr'><strong>nos</strong></span> <span class='ocrx_word' id='word_1_92' title='bbox 1571 1688 2015 1773; x_wconf 86' lang='lat' dir='ltr'><strong>pervenirent.</strong></span> <span class='ocrx_word' id='word_1_93' title='bbox 2078 1687 2267 1768; x_wconf 84' lang='lat' dir='ltr'><strong>Quid</strong></span> <span class='ocrx_word' id='word_1_94' title='bbox 2298 1675 2616 1752; x_wconf 82' lang='lat' dir='ltr'><strong>Erasmus</strong></span> 
     </span>
     <span class='ocr_line' id='line_1_14' title="bbox 429 1784 2619 1869; baseline 0.002 -20"><span class='ocrx_word' id='word_1_95' title='bbox 429 1784 700 1868; x_wconf 90' lang='lat' dir='ltr'><strong>quidem</strong></span> <span class='ocrx_word' id='word_1_96' title='bbox 729 1787 816 1850; x_wconf 92' lang='lat' dir='ltr'><strong>de</strong></span> <span class='ocrx_word' id='word_1_97' title='bbox 845 1794 1074 1854; x_wconf 87' lang='lat' dir='ltr'><strong>nostro</strong></span> <span class='ocrx_word' id='word_1_98' title='bbox 1104 1790 1230 1855; x_wconf 90' lang='lat' dir='ltr'><strong>hoc</strong></span> <span class='ocrx_word' id='word_1_99' title='bbox 1261 1792 1536 1859; x_wconf 83' lang='lat' dir='ltr'><strong>Donato</strong></span> <span class='ocrx_word' id='word_1_100' title='bbox 1565 1791 1911 1869; x_wconf 78' lang='lat' dir='ltr'><strong>censuerit,</strong></span> <span class='ocrx_word' id='word_1_101' title='bbox 1942 1791 2053 1857; x_wconf 77' lang='lat' dir='ltr'><strong>vel</strong></span> <span class='ocrx_word' id='word_1_102' title='bbox 2082 1790 2355 1855; x_wconf 85' lang='lat' dir='ltr'><strong>Titulus</strong></span> <span class='ocrx_word' id='word_1_103' title='bbox 2402 1789 2619 1854; x_wconf 87' lang='lat' dir='ltr'><strong>Editi-</strong></span> 
     </span>
     <span class='ocr_line' id='line_1_15' title="bbox 429 1887 2614 1976; baseline 0.004 -27"><span class='ocrx_word' id='word_1_104' title='bbox 429 1888 578 1950; x_wconf 87' lang='lat' dir='ltr'><strong>onis</strong></span> <span class='ocrx_word' id='word_1_105' title='bbox 611 1887 1052 1955; x_wconf 80' lang='lat' dir='ltr'><strong>Frobenianae</strong></span> <span class='ocrx_word' id='word_1_106' title='bbox 1079 1892 1354 1969; x_wconf 83' lang='lat' dir='ltr'><strong>iudicat,</strong></span> <span class='ocrx_word' id='word_1_107' title='bbox 1385 1893 1454 1956; x_wconf 90' lang='lat' dir='ltr'><strong>in</strong></span> <span class='ocrx_word' id='word_1_108' title='bbox 1479 1897 1616 1976; x_wconf 79' lang='lat' dir='ltr'><strong>qu&#39;o</strong></span> <span class='ocrx_word' id='word_1_109' title='bbox 1630 1894 1780 1960; x_wconf 80' lang='lat' dir='ltr'><strong>haec</strong></span> <span class='ocrx_word' id='word_1_110' title='bbox 1807 1894 2147 1975; x_wconf 82' lang='lat' dir='ltr'><strong>leguntur:</strong></span> <span class='ocrx_word' id='word_1_111' title='bbox 2182 1897 2203 1926; x_wconf 89' lang='lat'>‘</span> <span class='ocrx_word' id='word_1_112' title='bbox 2222 1891 2465 1956; x_wconf 85' lang='lat' dir='ltr'><strong>Habes</strong></span> <span class='ocrx_word' id='word_1_113' title='bbox 2476 1891 2614 1969; x_wconf 87' lang='lat' dir='ltr'><strong>hic,</strong></span> 
     </span>
     <span class='ocr_line' id='line_1_16' title="bbox 429 1990 2614 2082; baseline 0.001 -26"><span class='ocrx_word' id='word_1_114' title='bbox 429 1990 666 2057; x_wconf 83' lang='lat' dir='ltr'><strong>Amice</strong></span> <span class='ocrx_word' id='word_1_115' title='bbox 695 1993 959 2072; x_wconf 83' lang='lat' dir='ltr'><strong>Lector,</strong></span> <span class='ocrx_word' id='word_1_116' title='bbox 988 1995 1073 2060; x_wconf 91' lang='lat' dir='ltr'><strong>P.</strong></span> <span class='ocrx_word' id='word_1_117' title='bbox 1096 1996 1396 2062; x_wconf 87' lang='lat' dir='ltr'><strong>Terentii</strong></span> <span class='ocrx_word' id='word_1_118' title='bbox 1427 1996 1837 2076; x_wconf 81' lang='lat' dir='ltr'><strong>Comoedias,</strong></span> <span class='ocrx_word' id='word_1_119' title='bbox 1859 2016 1997 2061; x_wconf 82' lang='lat' dir='ltr'><strong>una</strong></span> <span class='ocrx_word' id='word_1_120' title='bbox 2018 2015 2173 2061; x_wconf 90' lang='lat' dir='ltr'><strong>cum</strong></span> <span class='ocrx_word' id='word_1_121' title='bbox 2204 1996 2491 2082; x_wconf 81' lang='lat' dir='ltr'><strong>Scholiis</strong></span> <span class='ocrx_word' id='word_1_122' title='bbox 2524 2011 2614 2059; x_wconf 85' lang='lat' dir='ltr'><strong>ex</strong></span> 
     </span>
     <span class='ocr_line' id='line_1_17' title="bbox 430 2092 2615 2180; baseline 0 -22"><span class='ocrx_word' id='word_1_123' title='bbox 430 2093 702 2172; x_wconf 82' lang='lat' dir='ltr'><strong>Donati,</strong></span> <span class='ocrx_word' id='word_1_124' title='bbox 733 2092 1002 2179; x_wconf 79' lang='lat' dir='ltr'><strong>Asperi,</strong></span> <span class='ocrx_word' id='word_1_125' title='bbox 1033 2103 1104 2162; x_wconf 87' lang='lat' dir='ltr'><strong>et</strong></span> <span class='ocrx_word' id='word_1_126' title='bbox 1131 2096 1410 2162; x_wconf 87' lang='lat' dir='ltr'><strong>Cornuti</strong></span> <span class='ocrx_word' id='word_1_127' title='bbox 1438 2095 1945 2170; x_wconf 82' lang='lat' dir='ltr'><strong>Commentariis</strong></span> <span class='ocrx_word' id='word_1_128' title='bbox 1974 2097 2355 2179; x_wconf 90' lang='lat' dir='ltr'><strong>decerptis.&#39;</strong></span> <span class='ocrx_word' id='word_1_129' title='bbox 2398 2097 2615 2180; x_wconf 86' lang='lat' dir='ltr'><strong>Aspe-</strong></span> 
     </span>
     <span class='ocr_line' id='line_1_18' title="bbox 429 2194 2613 2283; baseline 0.002 -26"><span class='ocrx_word' id='word_1_130' title='bbox 429 2194 484 2257; x_wconf 87' lang='lat' dir='ltr'><strong>ri</strong></span> <span class='ocrx_word' id='word_1_131' title='bbox 511 2195 784 2278; x_wconf 81' lang='lat' dir='ltr'><strong>quidem</strong></span> <span class='ocrx_word' id='word_1_132' title='bbox 811 2198 920 2262; x_wconf 80' lang='lat' dir='ltr'><strong>vel</strong></span> <span class='ocrx_word' id='word_1_133' title='bbox 971 2199 1306 2276; x_wconf 77' lang='lat' dir='ltr'><strong>DonatuS,</strong></span> <span class='ocrx_word' id='word_1_134' title='bbox 1351 2200 1462 2264; x_wconf 85' lang='lat' dir='ltr'><strong>vel</strong></span> <span class='ocrx_word' id='word_1_135' title='bbox 1511 2199 1919 2283; x_wconf 84' lang='lat' dir='ltr'><strong>quicumque</strong></span> <span class='ocrx_word' id='word_1_136' title='bbox 1958 2197 2131 2263; x_wconf 85' lang='lat' dir='ltr'><strong>alius</strong></span> <span class='ocrx_word' id='word_1_137' title='bbox 2182 2197 2479 2262; x_wconf 87' lang='lat' dir='ltr'><strong>meminit</strong></span> <span class='ocrx_word' id='word_1_138' title='bbox 2526 2198 2613 2261; x_wconf 87' lang='lat' dir='ltr'><strong>ad</strong></span> 
     </span>
     <span class='ocr_line' id='line_1_19' title="bbox 429 2294 2611 2380; baseline 0 -20"><span class='ocrx_word' id='word_1_139' title='bbox 429 2294 717 2380; x_wconf 82' lang='lat' dir='ltr'><strong>Adelph.</strong></span> <span class='ocrx_word' id='word_1_140' title='bbox 765 2315 860 2362; x_wconf 78' lang='lat' dir='ltr'><strong>lv.</strong></span> <span class='ocrx_word' id='word_1_141' title='bbox 907 2301 972 2363; x_wconf 82' lang='lat'><strong>2.</strong></span> <span class='ocrx_word' id='word_1_142' title='bbox 1011 2300 1126 2365; x_wconf 66' lang='lat'><strong>20.</strong></span> <span class='ocrx_word' id='word_1_143' title='bbox 1223 2298 1524 2365; x_wconf 80' lang='lat' dir='ltr'><strong>Annaeus</strong></span> <span class='ocrx_word' id='word_1_144' title='bbox 1581 2299 1824 2363; x_wconf 86' lang='lat' dir='ltr'><strong>Celsus</strong></span> <span class='ocrx_word' id='word_1_145' title='bbox 1874 2302 1945 2363; x_wconf 91' lang='lat' dir='ltr'><strong>et</strong></span> <span class='ocrx_word' id='word_1_146' title='bbox 1987 2298 2317 2363; x_wconf 76' lang='lat' dir='ltr'><strong>Helonius</strong></span> <span class='ocrx_word' id='word_1_147' title='bbox 2360 2296 2611 2376; x_wconf 85' lang='lat' dir='ltr'><strong>Acron,</strong></span> 
     </span>
     <span class='ocr_line' id='line_1_20' title="bbox 427 2396 2615 2485; baseline 0.001 -24"><span class='ocrx_word' id='word_1_148' title='bbox 427 2396 890 2478; x_wconf 72' lang='lat' dir='ltr'><strong>Grammatici,</strong></span> <span class='ocrx_word' id='word_1_149' title='bbox 952 2402 1068 2485; x_wconf 89' lang='lat' dir='ltr'><strong>qui</strong></span> <span class='ocrx_word' id='word_1_150' title='bbox 1121 2403 1412 2473; x_wconf 85' lang='lat' dir='ltr'><strong>Terentii</strong></span> <span class='ocrx_word' id='word_1_151' title='bbox 1447 2401 1879 2484; x_wconf 82' lang='lat' dir='ltr'><strong>-Interpretes</strong></span> <span class='ocrx_word' id='word_1_152' title='bbox 1933 2399 2205 2477; x_wconf 87' lang='lat' dir='ltr'><strong>fuerint,</strong></span> <span class='ocrx_word' id='word_1_153' title='bbox 2255 2399 2615 2464; x_wconf 82' lang='lat' dir='ltr'><strong>laudantur</strong></span> 
     </span>
     <span class='ocr_line' id='line_1_21' title="bbox 425 2498 2613 2585; baseline 0 -19"><span class='ocrx_word' id='word_1_154' title='bbox 425 2498 758 2566; x_wconf 72' lang='lat' dir='ltr'><strong>charisio.</strong></span> <span class='ocrx_word' id='word_1_155' title='bbox 849 2503 958 2567; x_wconf 91' lang='lat' dir='ltr'><strong>De</strong></span> <span class='ocrx_word' id='word_1_156' title='bbox 977 2503 1392 2580; x_wconf 82' lang='lat' dir='ltr'><strong>.horum„sed</strong></span> <span class='ocrx_word' id='word_1_157' title='bbox 1425 2510 1493 2567; x_wconf 88' lang='lat' dir='ltr'><strong>et</strong></span> <span class='ocrx_word' id='word_1_158' title='bbox 1521 2503 1608 2567; x_wconf 91' lang='lat' dir='ltr'><strong>de</strong></span> <span class='ocrx_word' id='word_1_159' title='bbox 1638 2501 1869 2584; x_wconf 82' lang='lat' dir='ltr'><strong>Capri,</strong></span> <span class='ocrx_word' id='word_1_160' title='bbox 1913 2501 2145 2580; x_wconf 87' lang='lat' dir='ltr'><strong>Probi,</strong></span> <span class='ocrx_word' id='word_1_161' title='bbox 2192 2499 2613 2585; x_wconf 82' lang='lat' dir='ltr'><strong>aliorumque</strong></span> 
     </span>
     <span class='ocr_line' id='line_1_22' title="bbox 429 2601 2612 2688; baseline 0.001 -20"><span class='ocrx_word' id='word_1_162' title='bbox 429 2607 628 2668; x_wconf 64' lang='lat' dir='ltr'><strong>aetate</strong></span> <span class='ocrx_word' id='word_1_163' title='bbox 655 2601 880 2668; x_wconf 87' lang='lat' dir='ltr'><strong>dicere</strong></span> <span class='ocrx_word' id='word_1_164' title='bbox 908 2603 1072 2667; x_wconf 86' lang='lat' dir='ltr'><strong>nihil</strong></span> <span class='ocrx_word' id='word_1_165' title='bbox 1093 2603 1336 2682; x_wconf 81' lang='lat' dir='ltr'><strong>habeo.</strong></span> <span class='ocrx_word' id='word_1_166' title='bbox 1427 2601 1616 2682; x_wconf 84' lang='lat' dir='ltr'><strong>Quid</strong></span> <span class='ocrx_word' id='word_1_167' title='bbox 1647 2621 1845 2686; x_wconf 88' lang='lat' dir='ltr'><strong>porro</strong></span> <span class='ocrx_word' id='word_1_168' title='bbox 1866 2603 1959 2668; x_wconf 84' lang='lat' dir='ltr'><strong>de</strong></span> <span class='ocrx_word' id='word_1_169' title='bbox 1991 2603 2254 2688; x_wconf 87' lang='lat' dir='ltr'><strong>judicio</strong></span> <span class='ocrx_word' id='word_1_170' title='bbox 2284 2609 2353 2668; x_wconf 91' lang='lat' dir='ltr'><strong>et</strong></span> <span class='ocrx_word' id='word_1_171' title='bbox 2380 2611 2612 2671; x_wconf 85' lang='lat' dir='ltr'><strong>aucto-</strong></span> 
     </span>
     <span class='ocr_line' id='line_1_23' title="bbox 425 2703 2613 2782; baseline 0 -14"><span class='ocrx_word' id='word_1_172' title='bbox 425 2704 618 2770; x_wconf 80' lang='lat' dir='ltr'><strong>ritate</strong></span> <span class='ocrx_word' id='word_1_173' title='bbox 648 2703 1252 2770; x_wconf 78' lang='lat' dir='ltr'><strong>Grammaticorum</strong></span> <span class='ocrx_word' id='word_1_174' title='bbox 1283 2705 1705 2770; x_wconf 84' lang='lat' dir='ltr'><strong>statuendum</strong></span> <span class='ocrx_word' id='word_1_175' title='bbox 1739 2705 1854 2782; x_wconf 86' lang='lat' dir='ltr'><strong>sit,</strong></span> <span class='ocrx_word' id='word_1_176' title='bbox 1881 2704 2197 2769; x_wconf 87' lang='lat' dir='ltr'><strong>edisserit</strong></span> <span class='ocrx_word' id='word_1_177' title='bbox 2228 2703 2613 2768; x_wconf 87' lang='lat' dir='ltr'><strong>Illustrissi-</strong></span> 
     </span>
     <span class='ocr_line' id='line_1_24' title="bbox 425 2803 2611 2890; baseline 0 -22"><span class='ocrx_word' id='word_1_178' title='bbox 425 2804 924 2886; x_wconf 79' lang='lat' dir='ltr'><strong>mus.Scaliger</strong></span> <span class='ocrx_word' id='word_1_179' title='bbox 968 2804 1056 2868; x_wconf 82' lang='lat' dir='ltr'><strong>ad</strong></span> <span class='ocrx_word' id='word_1_180' title='bbox 1101 2803 1374 2888; x_wconf 79' lang='lat' dir='ltr'><strong>Virgilii</strong></span> <span class='ocrx_word' id='word_1_181' title='bbox 1423 2804 1701 2890; x_wconf 82' lang='lat' dir='ltr'><strong>Copam.</strong></span> <span class='ocrx_word' id='word_1_182' title='bbox 1788 2805 2035 2870; x_wconf 85' lang='lat' dir='ltr'><strong>Petrus</strong></span> <span class='ocrx_word' id='word_1_183' title='bbox 2078 2823 2235 2870; x_wconf 86' lang='lat' dir='ltr'><strong>vero</strong></span> <span class='ocrx_word' id='word_1_184' title='bbox 2279 2804 2611 2882; x_wconf 77' lang='lat' dir='ltr'><strong>Nunnius,</strong></span> 
     </span>
     <span class='ocr_line' id='line_1_25' title="bbox 431 2904 2615 2989; baseline 0 -19"><span class='ocrx_word' id='word_1_185' title='bbox 431 2905 730 2971; x_wconf 78' lang='lat' dir='ltr'><strong>Miscell.</strong></span> <span class='ocrx_word' id='word_1_186' title='bbox 762 2905 882 2968; x_wconf 89' lang='lat' dir='ltr'><strong>lib.</strong></span> <span class='ocrx_word' id='word_1_187' title='bbox 911 2920 962 2969; x_wconf 85' lang='lat'><strong>1.</strong></span> <span class='ocrx_word' id='word_1_188' title='bbox 991 2923 1052 2970; x_wconf 89' lang='lat' dir='ltr'><strong>c.</strong></span> <span class='ocrx_word' id='word_1_189' title='bbox 1081 2905 1148 2970; x_wconf 83' lang='lat'><strong>6.</strong></span> <span class='ocrx_word' id='word_1_190' title='bbox 1195 2904 1514 2989; x_wconf 62' lang='lat' dir='ltr'><strong>‘Aliquis</strong></span> <span class='ocrx_word' id='word_1_191' title='bbox 1543 2905 1905 2982; x_wconf 58' lang='lat' dir='ltr'><strong>indoctus:</strong></span> <span class='ocrx_word' id='word_1_192' title='bbox 1932 2907 2169 2989; x_wconf 88' lang='lat' dir='ltr'><strong>inquit,</strong></span> <span class='ocrx_word' id='word_1_193' title='bbox 2202 2905 2615 2970; x_wconf 85' lang='lat' dir='ltr'><strong>‘indoctissi-</strong></span> 
     </span>
     <span class='ocr_line' id='line_1_26' title="bbox 431 3005 2616 3090; baseline 0 -19"><span class='ocrx_word' id='word_1_194' title='bbox 431 3009 562 3071; x_wconf 90' lang='lat' dir='ltr'><strong>mis</strong></span> <span class='ocrx_word' id='word_1_195' title='bbox 591 3007 814 3072; x_wconf 83' lang='lat' dir='ltr'><strong>verbis</strong></span> <span class='ocrx_word' id='word_1_196' title='bbox 841 3005 1280 3090; x_wconf 72' lang='lat' dir='ltr'><strong>paraphrasin</strong></span> <span class='ocrx_word' id='word_1_197' title='bbox 1309 3007 1584 3090; x_wconf 84' lang='lat' dir='ltr'><strong>scripsit</strong></span> <span class='ocrx_word' id='word_1_198' title='bbox 1607 3007 1681 3069; x_wconf 87' lang='lat' dir='ltr'><strong>in</strong></span> <span class='ocrx_word' id='word_1_199' title='bbox 1706 3007 2065 3070; x_wconf 81' lang='lat' dir='ltr'><strong>Donatum.</strong></span> <span class='ocrx_word' id='word_1_200' title='bbox 2153 3006 2235 3068; x_wconf 91' lang='lat' dir='ltr'><strong>Id</strong></span> <span class='ocrx_word' id='word_1_201' title='bbox 2255 3007 2399 3090; x_wconf 84' lang='lat' dir='ltr'><strong>jam</strong></span> <span class='ocrx_word' id='word_1_202' title='bbox 2428 3027 2616 3073; x_wconf 87' lang='lat' dir='ltr'><strong>mun-</strong></span> 
     </span>
     <span class='ocr_line' id='line_1_27' title="bbox 423 3103 2615 3190; baseline -0.001 -18"><span class='ocrx_word' id='word_1_203' title='bbox 423 3108 528 3172; x_wconf 82' lang='lat' dir='ltr'><strong>do</strong></span> <span class='ocrx_word' id='word_1_204' title='bbox 561 3109 933 3174; x_wconf 86' lang='lat' dir='ltr'><strong>obtruditur</strong></span> <span class='ocrx_word' id='word_1_205' title='bbox 960 3125 1086 3190; x_wconf 87' lang='lat' dir='ltr'><strong>pro</strong></span> <span class='ocrx_word' id='word_1_206' title='bbox 1137 3105 1460 3173; x_wconf 63' lang='lat' dir='ltr'><strong>Donato?</strong></span> <span class='ocrx_word' id='word_1_207' title='bbox 1525 3103 1874 3188; x_wconf 79' lang='lat' dir='ltr'><strong>‚Loquitur</strong></span> <span class='ocrx_word' id='word_1_208' title='bbox 1901 3111 2123 3176; x_wconf 78' lang='lat' dir='ltr'><strong>autem</strong></span> <span class='ocrx_word' id='word_1_209' title='bbox 2154 3105 2239 3169; x_wconf 90' lang='lat' dir='ltr'><strong>de</strong></span> <span class='ocrx_word' id='word_1_210' title='bbox 2270 3104 2615 3190; x_wconf 86' lang='lat' dir='ltr'><strong>Commen-</strong></span> 
     </span>
     <span class='ocr_line' id='line_1_28' title="bbox 429 3205 2612 3292; baseline -0.002 -16"><span class='ocrx_word' id='word_1_211' title='bbox 429 3211 618 3276; x_wconf 81' lang='lat' dir='ltr'><strong>tariis</strong></span> <span class='ocrx_word' id='word_1_212' title='bbox 645 3211 715 3274; x_wconf 88' lang='lat' dir='ltr'><strong>in</strong></span> <span class='ocrx_word' id='word_1_213' title='bbox 744 3209 1016 3292; x_wconf 79' lang='lat' dir='ltr'><strong>Virgilii</strong></span> <span class='ocrx_word' id='word_1_214' title='bbox 1045 3208 1356 3274; x_wconf 83' lang='lat' dir='ltr'><strong>AEneida.</strong></span> <span class='ocrx_word' id='word_1_215' title='bbox 1430 3207 1641 3276; x_wconf 81' lang='lat' dir='ltr'><strong>,Idem</strong></span> <span class='ocrx_word' id='word_1_216' title='bbox 1670 3225 1829 3272; x_wconf 83' lang='lat' dir='ltr'><strong>vero</strong></span> <span class='ocrx_word' id='word_1_217' title='bbox 1858 3205 2023 3272; x_wconf 85' lang='lat' dir='ltr'><strong>alibi</strong></span> <span class='ocrx_word' id='word_1_218' title='bbox 2062 3205 2151 3270; x_wconf 88' lang='lat' dir='ltr'><strong>do</strong></span> <span class='ocrx_word' id='word_1_219' title='bbox 2191 3205 2612 3272; x_wconf 81' lang='lat' dir='ltr'><strong>Terentiuuis</strong></span> 
     </span>
     <span class='ocr_line' id='line_1_29' title="bbox 429 3306 2611 3395; baseline -0.001 -19"><span class='ocrx_word' id='word_1_220' title='bbox 429 3331 628 3395; x_wconf 84' lang='lat' dir='ltr'><strong>agens</strong></span> <span class='ocrx_word' id='word_1_221' title='bbox 693 3309 1268 3376; x_wconf 87' lang='lat' dir='ltr'><strong>‘indoctissimum</strong></span> <span class='ocrx_word' id='word_1_222' title='bbox 1317 3309 1723 3374; x_wconf 87' lang='lat' dir='ltr'><strong>nebulonem</strong></span> <span class='ocrx_word' id='word_1_223' title='bbox 1744 3306 1764 3334; x_wconf 91' lang='lat'>&#39;</span> <span class='ocrx_word' id='word_1_224' title='bbox 1806 3313 2028 3385; x_wconf 82' lang='lat' dir='ltr'><strong>vocat,</strong></span> <span class='ocrx_word' id='word_1_225' title='bbox 2069 3308 2229 3392; x_wconf 57' lang='lat' dir='ltr'><strong>{qui</strong></span> <span class='ocrx_word' id='word_1_226' title='bbox 2272 3327 2399 3391; x_wconf 87' lang='lat' dir='ltr'><strong>pro</strong></span> <span class='ocrx_word' id='word_1_227' title='bbox 2419 3309 2611 3374; x_wconf 83' lang='lat' dir='ltr'><strong>.AElio</strong></span> 
     </span>
     <span class='ocr_line' id='line_1_30' title="bbox 431 3401 2613 3493; baseline -0.001 -14"><span class='ocrx_word' id='word_1_228' title='bbox 431 3415 720 3480; x_wconf 80' lang='lat' dir='ltr'><strong>Donato.</strong></span> <span class='ocrx_word' id='word_1_229' title='bbox 739 3433 816 3478; x_wconf 91' lang='lat' dir='ltr'><strong>se</strong></span> <span class='ocrx_word' id='word_1_230' title='bbox 835 3410 1323 3478; x_wconf 60' lang='lat' dir='ltr'><strong>venditaverit?</strong></span> <span class='ocrx_word' id='word_1_231' title='bbox 1412 3410 1655 3476; x_wconf 87' lang='lat' dir='ltr'><strong>Nihilo</strong></span> <span class='ocrx_word' id='word_1_232' title='bbox 1684 3411 1917 3475; x_wconf 89' lang='lat' dir='ltr'><strong>mitius</strong></span> <span class='ocrx_word' id='word_1_233' title='bbox 1943 3410 2027 3474; x_wconf 90' lang='lat' dir='ltr'><strong>de</strong></span> <span class='ocrx_word' id='word_1_234' title='bbox 2058 3428 2143 3474; x_wconf 92' lang='lat' dir='ltr'><strong>eo</strong></span> <span class='ocrx_word' id='word_1_235' title='bbox 2160 3410 2485 3493; x_wconf 87' lang='lat' dir='ltr'><strong>judicium</strong></span> <span class='ocrx_word' id='word_1_236' title='bbox 2494 3401 2613 3476; x_wconf 64' lang='lat' dir='ltr'><strong>&#39;tu-</strong></span> 
     </span>
     <span class='ocr_line' id='line_1_31' title="bbox 427 3499 2610 3599; baseline -0.003 -17"><span class='ocrx_word' id='word_1_237' title='bbox 427 3518 510 3582; x_wconf 90' lang='lat' dir='ltr'><strong>lit</strong></span> <span class='ocrx_word' id='word_1_238' title='bbox 549 3514 972 3599; x_wconf 76' lang='lat' dir='ltr'><strong>Tanaquilus</strong></span> <span class='ocrx_word' id='word_1_239' title='bbox 1023 3515 1262 3591; x_wconf 81' lang='lat' dir='ltr'><strong>Faber,</strong></span> <span class='ocrx_word' id='word_1_240' title='bbox 1309 3512 1398 3577; x_wconf 85' lang='lat' dir='ltr'><strong>ad</strong></span> <span class='ocrx_word' id='word_1_241' title='bbox 1447 3509 1685 3576; x_wconf 80' lang='lat' dir='ltr'><strong>Phaed.</strong></span> <span class='ocrx_word' id='word_1_242' title='bbox 1733 3527 1783 3576; x_wconf 85' lang='lat'><strong>1.</strong></span> <span class='ocrx_word' id='word_1_243' title='bbox 1814 3514 1882 3576; x_wconf 81' lang='lat'><strong>4.</strong></span> <span class='ocrx_word' id='word_1_244' title='bbox 1930 3515 1950 3546; x_wconf 90' lang='lat'>‘</span> <span class='ocrx_word' id='word_1_245' title='bbox 1976 3510 2217 3576; x_wconf 84' lang='lat' dir='ltr'><strong>Dicam</strong></span> <span class='ocrx_word' id='word_1_246' title='bbox 2264 3499 2610 3589; x_wconf 74' lang='lat' dir='ltr'><strong>audacter,</strong></span> 
     </span>
     <span class='ocr_line' id='line_1_32' title="bbox 429 3613 2611 3698; baseline -0.001 -16"><span class='ocrx_word' id='word_1_247' title='bbox 429 3618 546 3683; x_wconf 87' lang='lat' dir='ltr'><strong>sed</strong></span> <span class='ocrx_word' id='word_1_248' title='bbox 572 3637 752 3696; x_wconf 79' lang='lat' dir='ltr'><strong>vere,</strong></span> <span class='ocrx_word' id='word_1_249' title='bbox 779 3636 912 3680; x_wconf 91' lang='lat' dir='ltr'><strong>non</strong></span> <span class='ocrx_word' id='word_1_250' title='bbox 940 3617 1158 3698; x_wconf 79' lang='lat' dir='ltr'><strong>magis</strong></span> <span class='ocrx_word' id='word_1_251' title='bbox 1189 3614 1492 3680; x_wconf 78' lang='lat' dir='ltr'><strong>Servium</strong></span> <span class='ocrx_word' id='word_1_252' title='bbox 1514 3613 1719 3678; x_wconf 87' lang='lat' dir='ltr'><strong>hodie</strong></span> <span class='ocrx_word' id='word_1_253' title='bbox 1745 3614 2087 3691; x_wconf 83' lang='lat' dir='ltr'><strong>habemus,</strong></span> <span class='ocrx_word' id='word_1_254' title='bbox 2126 3631 2331 3695; x_wconf 82' lang='lat' dir='ltr'><strong>quam</strong></span> <span class='ocrx_word' id='word_1_255' title='bbox 2358 3613 2611 3679; x_wconf 86' lang='lat' dir='ltr'><strong>Donati</strong></span> 
     </span>
     <span class='ocr_line' id='line_1_33' title="bbox 429 3715 2607 3800; baseline -0.002 -17"><span class='ocrx_word' id='word_1_256' title='bbox 429 3720 501 3783; x_wconf 90' lang='lat' dir='ltr'><strong>iu</strong></span> <span class='ocrx_word' id='word_1_257' title='bbox 522 3719 902 3784; x_wconf 87' lang='lat' dir='ltr'><strong>Terentium</strong></span> <span class='ocrx_word' id='word_1_258' title='bbox 933 3716 1491 3783; x_wconf 76' lang='lat' dir='ltr'><strong>Commentarios.</strong></span> <span class='ocrx_word' id='word_1_259' title='bbox 1574 3715 1923 3800; x_wconf 82' lang='lat' dir='ltr'><strong>Excerpta</strong></span> <span class='ocrx_word' id='word_1_260' title='bbox 1956 3719 2209 3779; x_wconf 84' lang='lat' dir='ltr'><strong>tantum</strong></span> <span class='ocrx_word' id='word_1_261' title='bbox 2238 3722 2607 3799; x_wconf 86' lang='lat' dir='ltr'><strong>supersunt,</strong></span> 
     </span>
     <span class='ocr_line' id='line_1_34' title="bbox 425 3814 2605 3905; baseline -0.002 -19"><span class='ocrx_word' id='word_1_262' title='bbox 425 3827 498 3886; x_wconf 87' lang='lat' dir='ltr'><strong>et</strong></span> <span class='ocrx_word' id='word_1_263' title='bbox 523 3821 772 3905; x_wconf 78' lang='lat' dir='ltr'><strong>saepius</strong></span> <span class='ocrx_word' id='word_1_264' title='bbox 813 3840 856 3885; x_wconf 82' lang='lat' dir='ltr'><strong>a</strong></span> <span class='ocrx_word' id='word_1_265' title='bbox 903 3820 1085 3886; x_wconf 85' lang='lat' dir='ltr'><strong>mala</strong></span> <span class='ocrx_word' id='word_1_266' title='bbox 1111 3817 1357 3884; x_wconf 62' lang='lat' dir='ltr'><strong>manu?</strong></span> <span class='ocrx_word' id='word_1_267' title='bbox 1442 3818 1725 3883; x_wconf 86' lang='lat' dir='ltr'><strong>Temere</strong></span> <span class='ocrx_word' id='word_1_268' title='bbox 1777 3817 1959 3900; x_wconf 88' lang='lat' dir='ltr'><strong>loqui</strong></span> <span class='ocrx_word' id='word_1_269' title='bbox 2010 3816 2227 3890; x_wconf 78' lang='lat' dir='ltr'><strong>credis</strong></span> <span class='ocrx_word' id='word_1_270' title='bbox 2244 3817 2275 3880; x_wconf 72' lang='lat' dir='ltr'><strong>‘l</strong></span> <span class='ocrx_word' id='word_1_271' title='bbox 2363 3820 2384 3852; x_wconf 89' lang='lat'>‘</span> <span class='ocrx_word' id='word_1_272' title='bbox 2401 3814 2605 3895; x_wconf 84' lang='lat' dir='ltr'><strong>Quod</strong></span> 
     </span>
     <span class='ocr_line' id='line_1_35' title="bbox 427 3918 2607 4004; baseline -0.002 -18"><span class='ocrx_word' id='word_1_273' title='bbox 427 3919 922 3997; x_wconf 86' lang='lat' dir='ltr'><strong>demonstrare,’</strong></span> <span class='ocrx_word' id='word_1_274' title='bbox 967 3919 1176 3998; x_wconf 87' lang='lat' dir='ltr'><strong>addit,</strong></span> <span class='ocrx_word' id='word_1_275' title='bbox 1221 3924 1241 3955; x_wconf 89' lang='lat'>‘</span> <span class='ocrx_word' id='word_1_276' title='bbox 1266 3919 1331 3984; x_wconf 89' lang='lat' dir='ltr'><strong>si</strong></span> <span class='ocrx_word' id='word_1_277' title='bbox 1357 3920 1512 4004; x_wconf 86' lang='lat' dir='ltr'><strong>quis</strong></span> <span class='ocrx_word' id='word_1_278' title='bbox 1529 3918 1663 3987; x_wconf 89' lang='lat' dir='ltr'><strong>sibi</strong></span> <span class='ocrx_word' id='word_1_279' title='bbox 1690 3918 2017 4003; x_wconf 83' lang='lat' dir='ltr'><strong>postulet,</strong></span> <span class='ocrx_word' id='word_1_280' title='bbox 2041 3924 2173 3983; x_wconf 83' lang='lat' dir='ltr'><strong>tam</strong></span> <span class='ocrx_word' id='word_1_281' title='bbox 2206 3919 2515 4002; x_wconf 88' lang='lat' dir='ltr'><strong>equidem</strong></span> <span class='ocrx_word' id='word_1_282' title='bbox 2535 3919 2607 3982; x_wconf 92' lang='lat' dir='ltr'><strong>id</strong></span> 
     </span>
     <span class='ocr_line' id='line_1_36' title="bbox 424 4017 2607 4108; baseline -0.002 -20"><span class='ocrx_word' id='word_1_283' title='bbox 424 4025 684 4107; x_wconf 73' lang='lat' dir='ltr'><strong>possim</strong></span> <span class='ocrx_word' id='word_1_284' title='bbox 711 4024 945 4101; x_wconf 84' lang='lat' dir='ltr'><strong>facile,</strong></span> <span class='ocrx_word' id='word_1_285' title='bbox 971 4041 1176 4106; x_wconf 81' lang='lat' dir='ltr'><strong>quam</strong></span> <span class='ocrx_word' id='word_1_286' title='bbox 1203 4021 1582 4100; x_wconf 86' lang='lat' dir='ltr'><strong>ostendere,</strong></span> <span class='ocrx_word' id='word_1_287' title='bbox 1608 4022 1713 4095; x_wconf 72' lang='grc' dir='ltr'><strong>Δὶς</strong></span> <span class='ocrx_word' id='word_1_288' title='bbox 1731 4019 1825 4083; x_wconf 73' lang='grc' dir='ltr'><strong>δύο</strong></span> <span class='ocrx_word' id='word_1_289' title='bbox 1847 4019 1981 4083; x_wconf 70' lang='grc' dir='ltr'><strong><em>εἶναι</em></strong></span> <span class='ocrx_word' id='word_1_290' title='bbox 2008 4017 2301 4108; x_wconf 61' lang='lat' dir='ltr'><strong>vira-aga?</strong></span> <span class='ocrx_word' id='word_1_291' title='bbox 2372 4017 2607 4098; x_wconf 82' lang='lat' dir='ltr'><strong>Quan-</strong></span> 
     </span>
     <span class='ocr_line' id='line_1_37' title="bbox 421 4121 2607 4208; baseline -0.002 -18"><span class='ocrx_word' id='word_1_292' title='bbox 421 4143 630 4208; x_wconf 81' lang='lat' dir='ltr'><strong>quam</strong></span> <span class='ocrx_word' id='word_1_293' title='bbox 659 4125 918 4198; x_wconf 80' lang='lat' dir='ltr'><strong>eaedem</strong></span> <span class='ocrx_word' id='word_1_294' title='bbox 947 4143 1056 4190; x_wconf 87' lang='lat' dir='ltr'><strong>res</strong></span> <span class='ocrx_word' id='word_1_295' title='bbox 1101 4124 1171 4188; x_wconf 90' lang='lat' dir='ltr'><strong>in</strong></span> <span class='ocrx_word' id='word_1_296' title='bbox 1203 4125 1490 4189; x_wconf 83' lang='lat' dir='ltr'><strong>Donato</strong></span> <span class='ocrx_word' id='word_1_297' title='bbox 1516 4141 1986 4205; x_wconf 85' lang='lat' dir='ltr'><strong>nonnunquam</strong></span> <span class='ocrx_word' id='word_1_298' title='bbox 2016 4122 2125 4186; x_wconf 90' lang='lat' dir='ltr'><strong>bis</strong></span> <span class='ocrx_word' id='word_1_299' title='bbox 2154 4125 2345 4185; x_wconf 81' lang='lat' dir='ltr'><strong>terve.</strong></span> <span class='ocrx_word' id='word_1_300' title='bbox 2362 4121 2607 4204; x_wconf 82' lang='lat' dir='ltr'><strong>repeti-</strong></span> 
     </span>
     <span class='ocr_line' id='line_1_38' title="bbox 425 4217 2605 4314; baseline -0.002 -22"><span class='ocrx_word' id='word_1_301' title='bbox 425 4233 1034 4310; x_wconf 76' lang='lat' dir='ltr'><strong>tae,monnunquam</strong></span> <span class='ocrx_word' id='word_1_302' title='bbox 1065 4225 1436 4314; x_wconf 72' lang='lat' dir='ltr'><strong>contrariae,</strong></span> <span class='ocrx_word' id='word_1_303' title='bbox 1467 4217 1730 4294; x_wconf 79' lang='lat' dir='ltr'><strong>Erasmi</strong></span> <span class='ocrx_word' id='word_1_304' title='bbox 1751 4223 2087 4308; x_wconf 82' lang='lat' dir='ltr'><strong>judicium</strong></span> <span class='ocrx_word' id='word_1_305' title='bbox 2102 4221 2361 4288; x_wconf 85' lang='lat' dir='ltr'><strong>firmare</strong></span> <span class='ocrx_word' id='word_1_306' title='bbox 2374 4223 2605 4289; x_wconf 78' lang='lat' dir='ltr'><strong>viden-</strong></span> 
     </span>
    </p>
   </div>
  </div>
 </body>
</html>
