3234 4934
566 338 695 405 128
1303 351 1493 399 mvn
1544 348 2023 400 caerles'rto.

563 500 755 557 bicus.
838 494 1087 564 Rursus,
1116 492 1166 553 si
1205 496 1223 527 ⁴
1248 491 1319 551 In
1341 491 1357 516 ’
1398 502 1682 553 annectas
1709 492 1813 552 fini
1841 512 2045 553 versus
2089 492 2502 572 precedentis,
2545 512 2750 559 versus

564 593 864 655 constabit
914 599 1168 668 quatuor
1222 588 1452 649 creticis
1476 608 1493 650 ε
1555 589 1958 669 Βεῃθςαηὲὰο
2011 590 2351 670 modo-quis
2402 588 2624 671 pu-dor
2665 602 2758 653 est

568 687 897 770 paululum.
979 686 1043 745 Si
1092 685 1152 743 in
1196 692 1212 720 ‘
1236 684 1451 744 modo’
1492 685 1676 745 facias
1725 686 2144 765 pyrrhichium,
2187 690 2297 748 erit
2335 690 2594 749 trimeter
2633 700 2758 749 tro-

566 784 809 848 chaicus
838 780 1251 841 catalecticus:
1284 781 1682 861 Dene-gando
1707 782 1886 842 modo
1907 785 2038 863 quis
2068 784 2288 861 pu-dor
2310 784 2758 863 est-paululum.

570 880 753 941 Porro
798 877 948 938 inter
975 877 1255 937 iambicos
1284 888 1652 938 tetrametros
1675 878 2090 939 acatalecticos
2121 889 2182 939 et
2219 879 2550 940 trochaicos
2579 889 2758 939 tetra·

568 986 790 1035 metros
838 972 1214 1033 catalecticos
1262 984 1432 1033 tanta
1479 984 1572 1035 est
1612 974 1890 1047 affinitas,
1935 985 2001 1035 ut
2045 974 2334 1035 interdum
2374 975 2518 1034 nibil
2545 976 2759 1036 reserat

568 1070 825 1131 eundem
852 1088 1081 1130 versum
1111 1081 1305 1129 utrum
1332 1088 1436 1149 per
1462 1068 1691 1130 iambos
1719 1090 1794 1130 an
1825 1092 1926 1152 per
1955 1071 2248 1130 troehaeos
2277 1071 2569 1131 metiaris:
2599 1070 2760 1131 velut

571 1169 631 1227 in
663 1178 831 1226 actus
863 1166 1014 1225 tertii
1044 1184 1225 1225 scena
1250 1174 1483 1244 quarta,
1532 1171 1549 1199 ‘
1576 1164 1817 1225 Utinam
1861 1166 2004 1226 mihi
2047 1176 2206 1227 esset
2231 1164 2450 1246 aliquid
2481 1166 2598 1239 hic,
2639 1186 2760 1246 quo

574 1281 734 1323 nunc
760 1280 855 1320 me
882 1260 1236 1339 praecipitem
1267 1259 1508 1320 darem!
1588 1261 1652 1320 Si
1696 1267 1714 1295 ‘
1735 1261 1876 1321 mihi
1899 1262 1915 1286 ’
1955 1262 2141 1323 facias
2185 1262 2421 1323 unicam
2449 1262 2759 1343 syllabam,

572 1357 906 1417 trochaicus
929 1366 1065 1415 est:
1108 1358 1158 1417 si
1188 1356 1361 1429 duas,
1401 1357 1685 1417 iambicus
1715 1366 1845 1417 est:
1888 1359 2065 1436 quale
2093 1367 2188 1418 est
2212 1369 2274 1419 et
2297 1359 2358 1417 in
2387 1368 2556 1419 actus
2581 1374 2644 1418 v.
2674 1378 2760 1419 sc.

576 1472 625 1513 1.
655 1462 671 1487 ‘
693 1453 849 1512 Satis
868 1451 993 1530 jam
1023 1453 1189 1523 satis,
1219 1452 1401 1524 Simo,
1428 1450 1698 1531 spectata
1729 1471 1873 1531 erga
1899 1462 1957 1512 te
1983 1453 2239 1512 amicitia
2265 1463 2360 1513 est
2387 1452 2556 1513 mea!
2615 1454 2764 1514 Item

574 1566 868 1627 sequens:
912 1554 928 1581 ‘
954 1548 1111 1607 Satis
1142 1545 1343 1625 pericli
1372 1547 1522 1627 coepi
1550 1546 1734 1619 adire,
1763 1546 1969 1606 orandi
1985 1547 2112 1625 jam
2145 1547 2321 1605 finem
2349 1546 2519 1607 face?
2601 1547 2766 1607 Licet

577 1664 683 1722 per
726 1644 947 1702 iambos
990 1641 1083 1703 vel
1130 1663 1235 1723 per
1284 1642 1577 1703 trochaeos
1625 1643 1834 1703 metiri.
1919 1642 2114 1722 Hujus
2156 1642 2383 1721 generis
2413 1654 2556 1703 sunt
2580 1652 2641 1703 et
2669 1644 2767 1703 alii

572 1738 925 1819 complures.

1224 2092 1482 2187 mvn
1525 2118 2131 2187 GAsTmATm.

582 2306 737 2367 Cura
785 2305 1098 2386 prodiisset
1142 2324 1297 2365 anno
1342 2304 1556 2363 abhinc
1594 2304 1713 2363 sere
1763 2304 2012 2383 septimo
2071 2302 2399 2376 Terentius,
2445 2302 2771 2387 doctissimi

576 2403 688 2460 viri
709 2401 967 2480 Philippi
996 2400 1477 2460 Melancbthonis
1504 2418 1684 2480 opera
1705 2398 2126 2478 diligentiaque
2147 2400 2476 2472 restitutus,
2496 2418 2616 2459 uua
2634 2415 2774 2459 cum

584 2496 945 2576 argumentis
973 2495 1237 2576 ejusdem
1267 2504 1327 2555 et
1354 2493 1877 2575 annotatiunculis,
1919 2514 2036 2555 non
2085 2494 2380 2555 mehercle
2407 2494 2522 2555 dici
2555 2501 2775 2575 potest,

582 2601 870 2671 quantum
898 2591 1011 2651 hoc
1034 2594 1266 2653 nomine
1294 2592 1493 2653 statim
1522 2590 1939 2671 gratulandum
1969 2592 2252 2651 studiosis
2280 2592 2551 2652 omnibus
2577 2591 2776 2651 existi·

580 2688 827 2747 marim:
870 2688 1048 2767 idque
1076 2689 1209 2767 jure
1238 2688 1387 2747 adeo
1418 2708 1489 2747 ac
1516 2688 1747 2747 merito.
1801 2686 2120 2745 -Videbam
2149 2688 2305 2746 enim
2332 2686 2458 2745 fore
2485 2686 2666 2758 brevi,
2713 2696 2778 2745 ut

580 2783 841 2861 optimus
888 2784 1219 2845 Latinitatis
1268 2792 1494 2854 auctor,
1536 2784 1638 2861 qui
1685 2782 2008 2841 innumeris
2053 2791 2192 2841 ante
2227 2780 2460 2840 mendis
2489 2782 2777 2853 scatebat,

582 2898 747 2937 nunc
772 2878 949 2957 paulo
976 2878 1318 2956 castigatior
1344 2878 1548 2957 majori
1596 2898 1730 2938 cum
1771 2877 2094 2957 voluptate,
2138 2884 2317 2955 atque
2365 2875 2518 2935 adeo
2559 2875 2779 2954 majore

581 2992 723 3034 oum
750 2975 965 3046 fructu,
1008 2994 1185 3053 quam
1232 2984 1430 3049 antea,
1480 2994 1518 3035 a
1564 2974 1990 3054 ludimagistris
2034 2973 2299 3054 pueritioe
2345 2970 2778 3051 praelegeretur.

583 3071 740 3139 Quae
770 3070 922 3130 adeo
948 3088 1069 3131 non
1095 3068 1309 3130 fefellit
1332 3070 1692 3148 conjectura,
1722 3079 1807 3140 ut,
1849 3070 2148 3129 distractis
2177 3088 2396 3146 magno
2435 3067 2782 3146 bibliopola-

585 3186 713 3227 rum
736 3164 1046 3225 commodo
1068 3166 1521 3243 exemplaribus,
1542 3183 1746 3223 rursus
1766 3163 1981 3222 excudi
2002 3174 2234 3242 coeptus
2258 3163 2334 3221 sit
2352 3162 2778 3241 vitembergae:

584 3274 725 3321 mox
767 3279 806 3320 a
840 3260 1017 3321 Joan.
1068 3260 1304 3319 Secerio
1348 3259 1700 3339 Haganoae:
1745 3269 1884 3338 post
1923 3258 2100 3318 etiam
2144 3257 2586 3336 Norimbergae:
2627 3277 2780 3336 prse-

588 3364 753 3415 terea
772 3354 932 3435 apud
954 3353 1261 3413 Coloniam
1282 3355 1686 3435 Agrippinam,
1705 3355 1780 3413 ab
1803 3354 2092 3414 Euchario
2115 3354 2364 3433 primum
2393 3352 2779 3415 Cervicorno:

587 3451 799 3509 iterum
827 3471 864 3510 a
888 3450 1067 3511 Joan.
1115 3451 1321 3511 Sotere
1348 3470 1364 3510 z
1406 3452 1578 3512 tertio
1627 3450 1882 3529 denique
1911 3470 1946 3510 a
1973 3451 2150 3509 Joan.
2181 3449 2498 3529 Gymnico,
2524 3449 2647 3509 viro
2675 3470 2782 3531 op-

588 3544 756 3615 timo,
805 3556 866 3604 et
891 3545 1031 3605 mihi
1058 3556 1253 3607 vetere
1282 3546 1716 3609 necessitudine
1743 3544 2248 3627 conjunctissimo.
2331 3544 2429 3604 Ad
2473 3546 2605 3607 haec
2646 3547 2782 3606 Mo·

590 3640 817 3720 guntioe
846 3640 1156 3719 aliquoties
1184 3654 1245 3702 et
1270 3643 1687 3722 Argentorati:
1729 3653 1799 3702 ut
1837 3642 1915 3703 de
1959 3641 2170 3703 ceteris
2209 3648 2458 3701 taceam.
2543 3642 2783 3704 Interim

590 3756 728 3797 cum
752 3738 879 3816 ipse
907 3756 1145 3817 quoque
1184 3758 1319 3797 eum
1364 3744 1662 3801 auctorem
1691 3739 1974 3800 studiosis
2005 3738 2360 3818 quibusdam
2389 3737 2781 3815 enarrandum

593 3833 1006 3913 suscepissem,
1049 3834 1208 3895 sensi
1235 3835 1499 3909 tandem,
1528 3835 1589 3896 id
1616 3837 1778 3917 quod
1807 3848 1954 3909 erat,
1999 3833 2543 3905 Melanchthonem,
2591 3834 2782 3911 gravi—

590 3928 795 3989 oribus
823 3930 999 3989 rebus
1028 3940 1403 4011 occupatum,
1444 3942 1630 4010 utque
1657 3933 1784 4011 ipse
1811 3952 1918 4013 pro
1945 3950 2053 3991 sua
2078 3928 2370 3991 modestia
2407 3928 2664 4007 ingenue
2691 3928 2781 3988 fa·

594 4032 769 4097 tetur,
812 4026 1101 4086 veteribus
1128 4028 1411 4107 exemplis
1438 4028 1601 4088 haud
1629 4030 1773 4089 satis
1809 4028 2180 4100 instructum,
2223 4042 2343 4085 non
2387 4024 2462 4083 ab
2511 4024 2780 4085 omnibus

594 4118 835 4179 omnino
879 4122 1109 4183 mendis
1152 4123 1333 4200 (absit
1378 4122 1599 4185 invidia
1625 4124 1814 4201 dicto)
1841 4124 2067 4185 Comici
2096 4119 2282 4181 nostri
2312 4118 2567 4181 Fabulas
2594 4120 2782 4179 vindi-
