3234 4934
612 390 705 457 94
1076 404 1439 455 nannius
1484 402 1777 455 nsmsn
1827 406 2349 462 messura-1³10.

618 549 773 613 Vere
800 550 1101 613 scenicum
1127 560 1189 611 et
1214 550 1397 611 illud:

778 678 858 737 Et
882 688 1200 759 postremo,
1230 679 1343 739 nisi
1370 698 1465 739 me
1494 678 1819 756 auscultas,
1848 692 2027 763 atque
2052 682 2186 757 hoc,
2216 693 2285 744 ut
2311 682 2468 761 dico,
2492 685 2660 761 facis,

776 774 925 835 Tute
954 794 1108 854 pone
1146 786 1205 835 te
1234 775 1447 835 latebis
1479 775 1674 847 facile,
1702 796 1779 837 ne
1806 777 2069 840 inveniat
2093 788 2154 839 te
2179 779 2387 840 honor.

620 921 698 980 Et
725 920 857 1000 quis
887 918 1034 981 illud
1062 930 1227 981 extra
1254 939 1495 981 scenam
1521 940 1806 1002 usurpare
1833 922 2036 983 ausit?

776 1062 1100 1123 Benesacta
1124 1062 1451 1123 benefactis
1480 1062 1613 1123 aliis
1637 1064 1950 1146 pertegito,
1977 1085 2054 1127 ne
2075 1069 2406 1150 perpluant.

616 1223 813 1291 Quare
836 1240 1139 1301 nunquam
1166 1219 1450 1301 effugient
1472 1222 1616 1299 quin
1645 1221 1766 1283 sint
1791 1224 1992 1305 inepti,
2019 1226 2124 1304 qui
2149 1225 2281 1287 hoec
2299 1236 2362 1287 et
2387 1226 2504 1289 alia
2531 1224 2590 1287 id
2615 1247 2804 1308 genus

616 1317 695 1379 ad
721 1318 933 1379 serium
960 1316 1201 1379 dicendi
1225 1336 1415 1395 genus
1456 1318 1840 1379 transferunt.
1923 1321 2388 1401 consequuntur
2428 1322 2605 1396 enim,
2643 1324 2805 1403 quod

616 1433 737 1475 non
764 1413 987 1487 vident,
1036 1423 1107 1473 ut
1144 1413 1309 1474 inviti
1359 1414 1538 1473 risum
1583 1424 1918 1483 moveautz.
1957 1417 2122 1495 quod
2146 1436 2268 1479 non
2298 1419 2474 1498 pauci
2521 1419 2700 1481 hodie
2739 1421 2802 1477 in

614 1510 848 1591 scriptis
878 1508 1133 1573 maximo
1159 1508 1457 1569 molimine
1498 1526 1535 1567 a
1564 1507 1810 1569 Lectore
1845 1508 2175 1590 impetrant.
2259 1514 2540 1591 Sequitur
2565 1517 2630 1577 τὸ
2657 1513 2802 1586 ἦθος,

614 1606 797 1688 quod,
824 1614 895 1667 ut
920 1604 1096 1665 docet
1120 1603 1492 1675 Aristoteles,
1540 1604 1601 1662 in
1631 1605 1915 1677 oratione,
1963 1605 2426 1687 uniuscujusque
2471 1612 2804 1672 institutum

610 1702 839 1765 indicat
886 1711 951 1763 et
974 1699 1358 1773 voluntatem.
1442 1698 1622 1768 Quod
1666 1701 1725 1761 in
1779 1700 2031 1780 singulis
2075 1714 2516 1782 reproesentare,
2559 1707 2674 1765 nisi
2699 1706 2806 1767 viri

614 1809 719 1887 aut
758 1796 1067 1877 prudentis
1118 1805 1223 1855 aut
1247 1793 1613 1873 Philosophi,
1659 1795 1880 1856 nullius
1911 1807 2022 1857 est.
2108 1799 2262 1859 Nam
2307 1798 2804 1879 quemadmodum

614 1914 649 1954 e
671 1893 923 1973 singulis
952 1892 1338 1971 experientia,
1370 1890 1457 1951 ita
1482 1910 1658 1953 nemo
1688 1892 2053 1974 singulorum
2079 1913 2272 1957 mores
2313 1894 2442 1955 sine
2467 1895 2584 1957 hac
2611 1898 2805 1977 expri-

609 1990 737 2051 mit.
797 1989 995 2058 Quare
1021 1988 1281 2049 omnium
1310 1988 1748 2053 accuratissime
1785 2001 1849 2052 et
1876 1992 2116 2070 optime,
2139 1992 2284 2071 quid
2313 1991 2391 2052 sit
2415 1992 2609 2053 facere
2635 2003 2704 2053 ut
2729 1994 2810 2053 sit

610 2089 770 2157 ἠθικὴ
798 2085 1008 2157 oratio,
1038 2080 1435 2163 Philosophus
1463 2085 1744 2148 ostendit.
1831 2086 2012 2156 Quod
2053 2088 2146 2149 vel
2191 2086 2382 2149 solum
2419 2087 2570 2149 tanti
2599 2096 2712 2160 est,
2740 2097 2810 2149 ut

611 2181 759 2241 nihil
787 2182 981 2241 minus
1009 2179 1295 2252 nonnulli,
1326 2178 1427 2257 qui
1457 2178 1535 2239 ad
1581 2180 2032 2243 Rhetoricarum
2069 2202 2306 2244 suarum
2351 2182 2512 2263 leges
2558 2202 2805 2262 magno·-

610 2298 743 2339 rum
780 2296 1016 2357 quoque
1063 2287 1127 2336 et
1166 2275 1499 2335 sublimium
1538 2276 1910 2353 ingeniorum
1955 2278 2250 2339 orationes
2283 2279 2520 2358 exigere
2561 2278 2806 2350 audent,

610 2372 815 2433 bacin
842 2382 1007 2451 parte
1031 2371 1309 2432 videant:
1370 2369 1431 2429 in
1469 2388 1609 2447 qua,
1653 2370 1730 2429 ad
1759 2370 1945 2450 ipsius
1987 2389 2226 2451 quoque
2269 2371 2636 2452 antiquitatis
2675 2384 2802 2434 stu-

610 2486 835 2547 potem,
864 2466 1005 2527 Afer
1030 2468 1144 2527 iste
1171 2476 1406 2545 regnat.
1480 2468 1668 2529 Recte
1689 2487 1832 2547 ergo
1861 2469 2091 2529 Varro:
2139 2475 2157 2509 ⁶
2178 2468 2246 2527 In
2275 2469 2638 2548 argumentis
2667 2468 2804 2531 Coe-

608 2563 777 2625 cilius
826 2562 1025 2641 poscit
1072 2562 1351 2640 palmam,
1408 2564 1472 2625 in
1520 2562 1752 2625 ethesin
1804 2562 2154 2625 Terentius!
2261 2564 2572 2644 Significat
2625 2566 2803 2636 enim,

614 2658 921 2719 Coecilium
940 2658 1237 2735 εὑρετικὸν,
1264 2658 1582 2738 autpotius
1602 2660 2026 2736 εὐοικονόμητον
2048 2659 2232 2721 fuisse
2255 2678 2272 2719 t
2303 2658 2804 2738 quemadmodum

611 2757 1033 2835 ἀνοικονόμητος
1075 2772 1500 2833 nonnunquam
1550 2773 1674 2833 pree
1711 2752 1950 2831 reliquis
1991 2753 2220 2815 videtur
2246 2753 2516 2827 Plautus,
2545 2756 2644 2817 cui
2683 2774 2804 2815 ser-

610 2852 801 2911 monis
827 2851 987 2911 idem
1016 2851 1341 2929 assignavit
1365 2849 1638 2935 laudem..
1709 2848 1910 2922 Quod,
1938 2851 1986 2909 si
2033 2851 2347 2930 quicquam
2377 2850 2662 2930 sapimus,
2689 2850 2801 2911 Te·-

610 2945 861 3007 rentium
892 2955 986 3007 est
1012 2946 1227 3006 Plauto
1254 2946 1549 3025 praeferre.
1637 2946 1720 3006 Ut
1744 2946 1880 3007 curn
1909 2964 2066 3020 eum,
2087 2947 2190 3025 qui
2217 2944 2456 3007 excellit
2479 2947 2539 3005 in
2577 2946 2816 3026 majora*

608 3042 801 3122 magis
828 3060 1005 3122 quam
1032 3042 1133 3123 qui
1173 3043 1235 3103 in
1282 3041 1513 3112 minori,
1564 3040 1814 3103 dicimus
1856 3041 2162 3103 excellere.
2247 3042 2456 3121 Neque
2483 3060 2668 3103 causa
2692 3043 2805 3105 fuit

611 3138 746 3211 alia,
767 3139 1145 3216 quare,quod
1168 3142 1487 3201 observant
1498 3140 1765 3209 Veteres„
1787 3136 1945 3197 idem
1959 3138 2167 3209 Varro,
2182 3138 2360 3197 etiam
2377 3133 2800 3210 Menandro,in

609 3230 962 3309 quibusdam
978 3232 1303 3311 prtetulerit
1320 3234 1678 3305 Terentium,
1701 3233 1954 3312 exempli
1970 3250 2174 3303 causa,
2191 3231 2594 3311 Adelphorum
2615 3234 2801 3299 initio.

613 3327 825 3405 Neque
852 3327 1156 3387 immerito.
1218 3327 1467 3387 Mirifice
1494 3326 1673 3399 enim,
1703 3346 1838 3387 cum
1867 3326 2026 3399 alibi,
2051 3336 2180 3387 tum
2207 3325 2286 3385 ibi
2323 3336 2536 3405 regnat
2559 3328 2622 3387 rr}
2647 3326 2799 3399 ἦθος.

610 3422 779 3483 Idem
806 3421 1015 3496 Varro,
1042 3441 1179 3483 cum
1198 3420 1551 3501 Tragoedioe,
1584 3421 1928 3495 Comoediae,
1957 3440 2028 3483 ac
2057 3420 2266 3481 Satiroe
2289 3422 2537 3500 effingat
2559 3422 2799 3496 formas,

611 3517 757 3597 quid
786 3516 1355 3597 de-nostrojudicet,
1386 3516 1605 3577 diserte
1649 3518 1962 3599 expressit.
2045 3517 2386 3577 Ubertatem
2415 3519 2570 3577 enim
2599 3518 2802 3579 tribuit

610 3614 959 3692 Tragoedioe,
987 3633 1165 3693 quam
1209 3612 1316 3673 dat
1342 3613 1641 3676 Pacuvio:
1684 3614 2072 3694 gracilitatem
2123 3613 2352 3686 Satiroe,
2393 3632 2572 3693 quam
2599 3614 2802 3674 tribuit

613 3708 874 3770 Lucilio:
916 3708 1380 3770 mediocritatem
1406 3716 1568 3782 v‘ero,
1618 3708 1964 3781 Comoedias,
2012 3727 2189 3789 quam
2217 3708 2322 3769 dat
2349 3709 2640 3771 Terentio.
2719 3712 2800 3769 Ut

608 3804 661 3864 si
689 3805 825 3883 quis
866 3804 1157 3865 uberrimo
1185 3805 1469 3865 sermonis
1518 3824 1734 3884 genere
1775 3804 2076 3866 heroicum
2125 3804 2370 3865 definiat
2410 3802 2694 3873 Poetam3
2738 3817 2800 3867 et

606 3898 725 3961 hoc
751 3900 969 3961 tribuat
994 3898 1267 3979 Virgilio.
1346 3899 1536 3960 Aulus
1571 3900 1800 3961 Gellius
1844 3900 1950 3961 lib.
1971 3919 2100 3961 vu.
2143 3918 2276 3979 cap.
2307 3902 2400 3959 13.
2467 3907 2484 3935 ‘
2508 3901 2666 3961 Vera
2691 3919 2798 3961 au-

608 4003 727 4055 tem
754 4007 817 4056 et
842 3998 1076 4075 propria
1100 3996 1437 4075 hujusmodi
1476 3997 1794 4059 formarum
1819 3996 2109 4077 exempla,
2129 3996 2190 4057 in
2217 3996 2423 4075 lingua
2451 3994 2676 4070 Latina,
2707 3994 2794 4055 M.

608 4086 797 4152 Varro
818 4112 953 4153 esse
980 4092 1144 4164 dicit,
1174 4093 1457 4153 ubertatis
1488 4092 1834 4166 Pacuvium,
1862 4092 2208 4173 gracilitatis
2238 4090 2544 4163 Lucilium,
2573 4090 2794 4151 medio-

608 4182 829 4249 critatis
873 4188 1251 4251 Terentium.'
1330 4189 1483 4257 Quoe
1527 4198 1619 4249 est
1670 4188 1745 4250 de
1795 4186 2143 4262 Comoediae,
2190 4184 2686 4265 quemadmodum
2731 4189 2790 4247 in
