3234 4934
1283 412 1789 462 secunaum.
2497 399 2627 463 271

502 559 627 602 eant
648 551 715 603 «le
751 567 923 604 rerum
960 567 1023 604 ac
1053 558 1344 618 temporum
1378 553 1688 619 quantitate.
1753 554 1885 604 Post
1906 553 2046 604 >enim
2071 553 2204 616 fieri,
2225 560 2366 604 utet
2398 553 2630 618 ingressa

505 631 575 682 sit
606 646 667 682 ac
701 647 927 698 egressa,
945 648 1095 699 qnam
1120 647 1281 698 prave
1300 635 1557 685 credimus
1578 634 1647 684 de
1678 634 1950 699 proscenio
1983 648 2083 683 non
2107 634 2401 684 recessisse.
2466 634 2632 685 Posse

504 717 677 764 autem
699 713 881 778 quinto
901 714 1078 778 egredi
1103 727 1391 779 personam,
1408 729 1511 764 non
1544 723 1600 763 et
1620 728 1835 762 necesse
1869 727 1980 763 esse
2014 712 2262 764 dicimusz
2299 720 2358 763 ut
2378 721 2629 778 appareat

504 793 643 844 ultra
663 794 811 844 exire
832 808 935 845 non
955 807 1129 859 posse.
1192 793 1256 844 In
1276 795 1551 858 Tragoedia
1572 800 1630 842 et
1653 794 1858 856 parcius
1882 795 2044 855 exire,
2066 801 2119 843 et
2145 796 2314 844 solere
2343 794 2557 857 pariter,
2574 800 2634 844 et

503 871 685 924 licere.
751 873 957 925 Primus
989 875 1158 926 Actus
1197 875 1249 924 ln
1271 872 1469 924 Andria
1490 874 1844 923 narrationem
1865 874 2084 923 Simonis
2117 873 2254 938 apud
2291 874 2488 924 Sosiam
2509 889 2632 924 con-

505 953 639 1004 tinet
668 955 989 1019 argumenti:
1024 956 1163 1022 quod
1201 956 1424 1020 populns
1454 955 1551 1004 hac
1586 955 1858 1005 occasione
1891 955 2178 1022 perdiscit:
2211 969 2330 1005 mox
2365 955 2634 1020 querelam

507 1034 648 1098 apud
664 1049 719 1084 se
743 1037 881 1087 Davi
902 1036 969 1086 de
992 1038 1219 1100 domino,
1238 1043 1293 1088 et
1307 1035 1533 1102 ejusdem
1556 1049 1672 1086 cum
1698 1036 1906 1086 domino
1929 1035 2106 1099 verba,
2125 1043 2182 1086 et
2203 1049 2377 1084 rursus
2397 1034 2634 1098 ejusdem

506 1117 643 1165 servi
664 1115 1108 1180 deliberationem,
1125 1117 1249 1183 quid
1284 1131 1454 1168 rerum
1488 1125 1655 1180 gerat.
1719 1115 1944 1167 Secundi
1973 1115 2140 1166 Actus
2174 1117 2288 1166 haec
2312 1124 2464 1165 sunt=
2499 1116 2634 1166 Cha-

506 1195 607 1246 rini
620 1197 783 1246 verba
804 1198 971 1261 primo
992 1213 1109 1250 cum
1132 1199 1357 1263 Byrrhia
1372 1206 1617 1261 serro,et
1639 1205 1761 1262 post
1784 1212 1899 1248 cum
1919 1197 2034 1261 ipso
2051 1197 2324 1261 Pamphilo
2346 1196 2414 1246 de
2436 1195 2634 1258 nuptiis

508 1275 848 1328 Philumena:
884 1279 1023 1328 Davi
1046 1280 1387 1342 interventus,
1407 1286 1465 1328 et
1484 1293 1601 1328 cum
1623 1293 1688 1330 eo
1712 1278 1996 1341 disputatio
2023 1277 2092 1327 de
2121 1276 2318 1341 nuptiis
2338 1277 2632 1340 Pamphilix

510 1353 771 1420 Pamphili
792 1371 961 1406 sermo
974 1371 1091 1406 cum
1112 1365 1281 1421 patre,
1301 1357 1421 1408 dolo
1443 1356 1815 1408 consentientis
1835 1358 1888 1406 in
1908 1358 2117 1420 nuptias
2131 1373 2147 1406 ε
2185 1357 2422 1420 Byrrhioe
2443 1356 2602 1406 verba
2615 1372 2633 1406 ε

508 1435 649 1485 Davi
686 1436 877 1487 callida
914 1439 1077 1488 oratio
1114 1437 1389 1489 adversum
1428 1453 1620 1489 senem.
1685 1438 1862 1488 Tertio
1899 1437 2060 1488 Actui
2093 1437 2208 1486 haec
2244 1436 2635 1487 attribuuntur:

506 1516 729 1581 Mysidis
751 1532 867 1568 cum
889 1518 1175 1570 obstetrice
1196 1521 1527 1585 colloquium,
1553 1522 1702 1570 Davo
1739 1534 1800 1569 ac
1823 1520 2029 1570 Simone
2059 1517 2419 1568 audientibus:
2455 1525 2637 1580 partus

512 1596 748 1661 Glycerii
787 1607 1061 1663 suspectus
1095 1599 1234 1649 seni=
1278 1606 1334 1651 et
1374 1600 1510 1650 Davi
1552 1600 1693 1664 apud
1732 1614 1848 1650 eum
1885 1597 2223 1648 fraudulenta
2259 1597 2640 1647 sermocinatio.

511 1677 729 1729 Simonis
750 1680 911 1730 verba
928 1694 1045 1730 cum
1079 1679 1351 1730 Chremeta
1382 1680 1449 1730 de
1484 1679 1715 1744 nuptiisz
1749 1679 1881 1728 Davi
1901 1678 2244 1743 ,perturbatio
2276 1691 2338 1727 ac
2361 1677 2641 1742 Pamphili.

510 1757 765 1810 Quartum
806 1757 995 1809 Actum
1019 1772 1115 1823 per
1150 1760 1267 1810 huc
1286 1759 1636 1824 intelligimus.
1703 1759 1884 1809 Prima
1905 1758 2117 1809 Charini
2136 1757 2298 1808 verba
2318 1766 2456 1815 sunt,
2474 1757 2638 1822 indig-

510 1839 684 1890 nantis
721 1839 866 1889 velut
895 1837 1050 1888 fidem
1091 1839 1187 1890 sihi
1220 1854 1327 1889 non
1364 1847 1624 1890 servatam
1663 1855 1694 1890 a
1725 1839 2039 1902 Pamphilo:
2074 1847 2182 1887 tum
2219 1838 2442 1902 Mysidis
2475 1838 2638 1888 verba

511 1918 650 1984 apud
672 1918 1019 1982 Pamphilum,
1042 1917 1372 1983 ejusdemque
1404 1925 1650 1983 questus:
1686 1918 1822 1968 Davi
1856 1916 2232 1967 administratio
2267 1917 2369 1966 doli
2393 1916 2638 1968 adversus

514 1999 863 2049 Chremetem.
926 1997 994 2047 In
1028 1997 1209 2062 quinto
1233 1997 1405 2047 Actuz
1435 1997 1658 2046 Simonis
1692 2005 1746 2046 et
1771 1997 2061 2046 Chremetis
2102 2010 2267 2059 prope
2290 1996 2520 2062 jurgium
2544 1997 2643 2047 dis-

515 2077 753 2142 putatio;
787 2083 897 2127 tum
927 2077 1156 2126 detectio
1176 2074 1493 2127 fallaciarum
1531 2077 1699 2137 Davi3
1733 2082 1842 2126 tum
1877 2075 2162 2140 indignatio
2198 2077 2359 2137 patris
2391 2076 2640 2127 adversus

515 2157 706 2219 tilium;
740 2165 850 2207 tum
873 2157 1103 2207 Critonis
1124 2155 1484 2206 interventus:
1516 2164 1575 2206 et
1608 2170 1705 2218 per
1741 2169 1859 2204 eum
1881 2155 2100 2219 cognitis
2134 2154 2292 2204 rebus
2320 2155 2372 2203 in
2396 2157 2643 2219 tranquil.

512 2241 620 2289 lum
641 2252 725 2287 res
741 2244 880 2302 acta,
894 2237 1202 2288 ducentibus
1223 2251 1427 2300 uxores,
1444 2249 1571 2302 quas
1592 2237 2016 2300 concupiverant,
2033 2233 2304 2298 Pamphilo
2323 2241 2380 2285 et
2401 2233 2643 2285 Charino.

515 2317 654 2369 Illud
682 2333 785 2368 non
806 2331 1131 2369 commovere
1164 2331 1257 2368 nos
1290 2319 1466 2380 dehet,
1487 2319 1628 2383 quod
1663 2317 1714 2365 in
1751 2317 1932 2366 horum
1959 2316 2178 2365 Actnum
2213 2314 2544 2364 distinctione
2568 2316 2641 2365 vl-

516 2399 707 2449 dentur
724 2397 791 2448 de
814 2399 1085 2462 proscenio
1106 2413 1207 2449 non
1243 2398 1543 2450 discessisse
1576 2412 1813 2462 persuum
1848 2397 2117 2462 quaedam:
2153 2395 2246 2443 sed
2269 2399 2448 2444 tenere
2485 2393 2643 2445 dehe-

516 2493 647 2542 mus,
678 2478 802 2528 ideo
838 2477 1142 2528 Terentium
1166 2478 1448 2528 vicinitatis
1477 2480 1794 2528 mentionem
1825 2476 2013 2527 fecisse
2051 2476 2106 2525 in
2147 2474 2422 2538 principio,
2443 2481 2502 2525 ut
2533 2489 2642 2527 mo-

515 2558 640 2608 dico
661 2563 877 2622 receptu
910 2565 967 2607 et
1000 2557 1181 2607 adesse
1203 2565 1259 2608 et
1294 2557 1477 2608 abesse
1510 2571 1784 2620 personam
1806 2556 2171 2619 intelligamus.
2241 2554 2382 2603 Nihil
2414 2568 2540 2618 ergo
2561 2567 2642 2604 se-

518 2637 712 2702 quius*
743 2634 939 2686 factum
960 2642 1045 2687 est
1066 2636 1131 2687 ah
1166 2636 1410 2701 antiquis,
1440 2637 1530 2700 qui
1552 2637 1617 2685 ad
1649 2637 1784 2686 hunc
1817 2635 2026 2686 modum
2056 2635 2400 2685 Terentianus
2422 2635 2643 2693 Fabulae

522 2716 827 2768 diviserunt.

1394 2818 1427 2863 4
1460 2813 1605 2864 δἐι-ιω
1639 2814 1700 2862 Ζ.

730 3307 1277 3360 snouunnvum
1332 3287 1802 3356 nuunsrnnt
1847 3307 1928 3356 m
1977 3305 2360 3356 sumum.

456 3460 567 3511 Stn
587 3476 723 3513 nuuc
746 3463 814 3514 de
841 3463 1042 3514 Andria
1064 3463 1345 3514 videamus.
1417 3459 1617 3510 Andria
1644 3461 1811 3525 prima
1832 3459 2006 3511 fabula
2025 3461 2142 3510 ideo
2161 3466 2396 3523 vocatur,
2417 3472 2480 3509 eo
2509 3457 2646 3522 qnod

522 3555 589 3590 ex
624 3542 825 3606 Andro,
854 3545 1024 3594 insula
1059 3545 1385 3607 Graecorum,
1419 3543 1624 3592 venerit
1649 3541 1856 3606 Chrysis
1897 3540 2107 3590 foemina
2127 3541 2376 3601 Athenas,
2415 3539 2502 3589 uhi
2533 3540 2644 3589 haec

522 3626 641 3670 acts
661 3620 977 3685 referuntur,
999 3631 1055 3674 et
1078 3638 1193 3673 cum
1217 3621 1469 3686 Chryside
1486 3623 1603 3685 alia,
1625 3635 1738 3685 quat.
1763 3622 2042 3672 vocabatur
2067 3621 2389 3686 Glycerium,
2407 3634 2524 3670 cum
2540 3631 2646 3668 non

524 3708 663 3751 esset
693 3714 762 3750 ex
796 3701 978 3752 Andro
1014 3703 1107 3751 sed
1138 3704 1311 3768 potius
1338 3702 1690 3763 Atheniensis,
1723 3702 1859 3751 sicut
1893 3703 2263 3767 consequentia
2293 3699 2648 3751 manifestant.

525 3780 905 3845 Argumentum
938 3781 1098 3831 totins
1119 3780 1307 3831 fabulae
1327 3781 1464 3830 istud
1489 3788 1587 3831 est.

459 3862 611 3912 Bello
633 3869 817 3912 exorto
839 3860 1062 3912 Athenis
1083 3861 1329 3911 Chremes
1357 3861 1566 3926 quidam
1592 3860 1937 3922 Atheniensis,
1957 3861 2152 3910 relictis
2185 3859 2438 3920 omnihus,
2454 3855 2521 3906 ad
2545 3854 2650 3905 alia

525 3942 851 4007 demigravit.
919 3943 1083 4005 Cujus
1121 3940 1283 4007 frater
1311 3941 1524 4004 Phania,
1544 3941 1632 4006 qui
1667 3940 2008 3990 Rhamnusius
2040 3940 2211 3990 dictus
2249 3946 2349 4002 est,
2378 3935 2645 3999 accipiens

522 4021 681 4073 filiam
714 4023 871 4085 illius,
889 4030 1103 4086 neptem
1125 4021 1372 4073 videlicet
1404 4037 1569 4085 suam,
1592 4022 1798 4071 nomine
1817 4021 2138 4082 Pasibulam,
2156 4035 2271 4084 quae·
2303 4024 2490 4082 postea
2520 4014 2650 4078 Gly-

526 4103 721 4155 cerium
755 4101 901 4152 dicta
930 4108 1032 4164 est,
1057 4102 1111 4152 in
1135 4100 1310 4151 Asiam
1348 4100 1716 4166 proficiscitur,
1739 4115 1974 4165 quoerens
2006 4098 2220 4148 fratrem
2253 4111 2421 4162 sunm,
2443 4094 2650 4147 nomine

750 4221 774 4267 t
807 4211 927 4264 vid.
972 4209 1341 4262 Proefationem
1377 4217 1680 4276 excerptam
1713 4225 1742 4260 e
1764 4209 1831 4262 D.
1853 4209 2021 4260 Paulo
2037 4208 2155 4260 Jac.
2179 4207 2364 4256 Brnns.
