3234 4934
1225 445 1586 494 runem-11
1638 445 1841 495 vrrs.
2530 419 2624 500 ‘35

522 592 597 661 Q.
629 591 960 651 Cosconius
983 590 1028 626 ¹³
1076 589 1416 650 redeuntem
1445 609 1484 650 a
1511 590 1749 650 Graecia
1780 587 2024 670 periisse
2052 585 2115 650 in
2142 587 2287 650 mari
2314 587 2457 652 dicit
2484 613 2619 653 cum

441 699 678 748 centum
705 697 768 746 et
793 694 930 747 octo
960 687 1221 760 Fabulis,
1248 688 1550 748 conversis
1591 707 1630 746 a
1668 685 2019 747 Menandro.
2104 686 2299 746 Ceteri
2328 699 2619 748 mortuum

442 803 575 842 esse
601 783 662 842 in
691 783 962 843 Arcadiae
991 782 1414 862 Stymphalo,¹⁴
1442 785 1562 844 sive
1589 782 1889 844 Leucadia
1916 780 2180 854 tradunt,
2204 781 2317 842 Gn.
2344 783 2620 843 Cornelio

447 878 780 952 Dolabella,
810 879 898 938 M.
930 878 1139 938 Fulvio
1165 878 1468 938 Nobiliore
1497 879 1672 938 Cosa.
1700 879 1903 938 morbo
1947 877 2289 957 implicitum
2326 878 2467 950 acri,
2514 878 2624 938 do·-

445 976 566 1035 lore
594 995 664 1036 ac
694 975 874 1034 teedio
903 975 1246 1036 amissarum
1277 973 1709 1046 sarcinarum,¹⁵
1731 974 1959 1053 quasin
1989 972 2126 1033 navi
2150 973 2527 1053 praemiserat,
2554 993 2625 1036 ac

447 1069 614 1132 simul
659 1071 1015 1132 Fabulamm
1059 1090 1210 1150 quas
1261 1090 1444 1131 novas
1489 1069 1732 1130 fecerat.
1833 1068 2042 1128 Fuisse
2088 1067 2303 1129 dicitur
2346 1070 2623 1131 mediocri

447 1176 689 1236 statura,
715 1165 922 1246 gracili
949 1185 1218 1246 corpore,
1260 1167 1459 1227 colore
1499 1166 1689 1226 fusco.
1771 1164 2035 1244 Reliquit
2072 1165 2270 1238 filiam,
2312 1184 2445 1245 quee
2490 1177 2629 1246 post

445 1259 628 1340 equiti
656 1261 927 1322 Romano
955 1261 1177 1341 nupsit.
1259 1263 1407 1321 Item
1437 1260 1703 1321 hortulos
1736 1281 1855 1320 xx.
1874 1261 2170 1340 jugerum,
2204 1261 2301 1321 via
2328 1260 2521 1341 Appia
2548 1260 2625 1320 ad

451 1358 662 1417 Martis
691 1356 886 1418 villam
913 1376 928 1416 :
971 1374 1091 1436 quo
1113 1358 1304 1438 magis
1327 1359 1520 1430 miror,
1547 1355 1809 1418 Por-tium
1840 1358 2112 1430 scribere,

1485 1505 1629 1566 nihil
1656 1505 1899 1568 Publius

619 1603 812 1684 Scipio
839 1603 1077 1683 profuit,
1104 1602 1250 1662 nihil
1279 1602 1332 1662 ei
1361 1599 1598 1673 Laelius,
1626 1601 1768 1661 nihil
1800 1601 2045 1670 Furius;

610 1699 752 1760 Tres
779 1719 884 1779 per
909 1699 1066 1759 idem
1093 1710 1324 1777 tempus
1345 1697 1448 1777 qui
1479 1699 1786 1778 agitabant
1812 1697 2040 1758 nobiles
2063 1697 2358 1759 facillime.

608 1797 824 1856 Eorum
849 1796 953 1856 ille
980 1815 1159 1876 opera
1184 1815 1260 1855 ne
1285 1796 1523 1855 domum
1551 1793 1790 1874 quidem
1818 1793 2026 1856 habuit
2050 1794 2503 1856 conductitiam:

611 1891 832 1952 Saltem
860 1901 930 1952 ut
951 1903 1132 1967 esset,
1161 1911 1281 1972 quo
1304 1891 1546 1952 referret
1574 1891 1795 1952 obitum
1822 1890 2043 1951 domini
2074 1891 2359 1951 servulus.

535 2049 711 2108 Hunc
760 2047 1028 2108 Afranius
1081 2047 1316 2126 quidem
1362 2047 1635 2107 omnibus
1680 2047 1917 2107 comicis
1960 2047 2215 2126 praefert,
2264 2050 2523 2108 scribens
2571 2051 2629 2107 in

451 2144 877 2224 Compitalibus
901 2163 918 2203 ε
961 2149 978 2177 ⁶
1005 2143 1276 2202 Terentio
1304 2162 1422 2202 non
1453 2142 1701 2202 similem
1730 2142 1892 2202 dices
1921 2143 2293 2222 quempiam.’

403 2229 406 2238 '
533 2239 839 2300 Volcatius
868 2248 1060 2298 autem
1093 2257 1212 2298 non
1243 2237 1434 2298 solum
1463 2237 1693 2310 Naevio,
1735 2250 1795 2296 et
1842 2237 2080 2308 Plauto,
2124 2249 2183 2298 et
2222 2237 2484 2310 Caecilio,
2528 2238 2632 2298 sed

458 2335 678 2394 Licinio
705 2352 940 2413 quoque
967 2333 1290 2414 postponit.
1373 2333 1582 2393 Cicero
1610 2332 1671 2391 in
1714 2333 1953 2392 Limone
1972 2331 2024 2372 ¹⁶
2062 2333 2345 2394 hactenus
2389 2332 2632 2395 laudat:

694 2489 780 2550 Tu
812 2510 1069 2569 quoque,
1097 2489 1199 2570 qui
1227 2489 1389 2550 solus
1417 2491 1574 2550 lecto
1601 2507 1888 2562 sermone,
1916 2491 2169 2562 Terenti,

697 2586 1063 2647 Conversum
1092 2605 1554 2665 expressumque
1584 2586 1795 2646 Latina
1818 2605 1963 2647 voce
1992 2586 2386 2646 Menandrum

692 2681 761 2739 In
791 2680 988 2742 medio
1009 2677 1058 2710 ¹⁷
1087 2679 1289 2760 populi
1318 2680 1541 2741 sedatis
1569 2681 1813 2742 vocibus
1839 2679 2052 2750 effers:

701 2775 1000 2857 Quicquid
1021 2777 1070 2814 ¹⁸
1101 2795 1266 2836 come
1293 2775 1564 2855 loquens,
1594 2795 1667 2836 ac
1693 2777 1891 2836 omnia
1912 2775 2109 2838 dulcia
2138 2779 2359 2842 dicens.

457 2985 611 3068 item
641 2985 713 3044 C.
744 2983 948 3044 Caesar
971 3005 988 3044 τ

703 3121 792 3180 Tu
817 3138 1056 3200 qnoque
1083 3127 1149 3178 tu
1175 3117 1236 3176 in
1267 3116 1532 3191 summis,
1561 3135 1598 3176 o
1626 3117 1929 3179 dimidiate
1960 3119 2307 3196 Menander,

703 3213 970 3288 PoneriS,
999 3225 1061 3274 et
1083 3213 1314 3286 merim,
1345 3213 1474 3293 puri
1501 3215 1785 3275 sermonis
1815 3225 2064 3288 amator,

705 3311 961 3373 Lenibus
990 3320 1168 3391 atque
1193 3311 1417 3370 utinam
1445 3311 1679 3391 scriptis
1706 3310 1989 3390 adjuncta
2015 3311 2165 3373 foret
2188 3313 2277 3374 vis

531 3512 594 3559 13
629 3507 696 3564 Q.
715 3503 990 3568 Coruum]
1026 3505 1111 3556 Ite
1147 3517 1214 3554 ex
1251 3503 1380 3554 Mas.
1417 3503 1522 3553 edi·
1671 3512 1730 3557 15
1766 3507 2091 3571 sarcina-um]
2124 3507 2215 3558 Nil
2240 3511 2408 3559 verius
2424 3511 2522 3560 hac
2545 3511 2648 3562 lec·

461 3584 670 3644 dirnus,
652 3598 669 3613 ·
704 3583 840 3646 vulg.
883 3583 1131 3632 hactenns
1171 3579 1276 3632 fnit
1325 3582 1524 3630 Conuen-
1601 3582 1765 3646 tinnire,
1783 3597 1933 3648 qnam
1950 3597 2129 3634 omnes
2152 3585 2340 3649 scripti
2354 3585 2505 3635 codd.
2522 3599 2657 3650 prte-

467 3660 618 3709 tius.
658 3658 965 3708 Cosconium
1007 3657 1185 3707 laudat
1225 3657 1412 3719 Varro,
1455 3655 1524 3706 de
1603 3657 1799 3722 ferunt,
1814 3665 2039 3723 excepto
2056 3669 2176 3722 uno,
2196 3661 2248 3710 in
2271 3661 2655 3726 qnosabularum

471 3735 620 3798 Ling-
659 3733 773 3784 Iat-
814 3732 904 3784 lib·
941 3746 995 3783 v·
1045 3732 1122 3782 Id
1201 3730 1310 3781 Alii
1357 3731 1524 3780 Cum·
1603 3742 1735 3786 erat.
1798 3735 1971 3798 Vulgo
1992 3735 2242 3786 hactenus
2261 3738 2451 3800 legitur
2473 3741 2655 3797 satyra·

466 3822 580 3870 tiu.
1599 3825 1747 3871 πως
1790 3812 1883 3862 sed
1932 3811 1989 3861 id
2040 3825 2107 3862 ne
2150 3811 2389 3863 titivilitii
2428 3809 2651 3875 quidem.

537 3901 599 3947 14
653 3896 900 3946 Mortuum
935 3909 1033 3945 em
1069 3897 1122 3944 in
1160 3893 1383 3945 Arcadia
1420 3893 1522 3957 &J
1605 3886 1685 3937 Id·

469 3971 576 4022 Alii
607 3971 658 4020 in
679 3971 888 4021 Arouaia
927 3969 1194 4036 Stymphali
1224 3964 1732 4020 semna-1⁶
1764 3959 1973 4024 Ῑιὶείπίο]
2004 3961 2111 4012 Ms-
2126 3959 2281 4010 Ῑιίνῖο.
2313 3959 2395 4009 Id·

462 4047 641 4097 nonius
679 4047 746 4096 ad
772 4047 1016 4097 Ursulum
1035 4045 1102 4094 de
1123 4045 1329 4094 senario
1349 4058 1525 4094 nume·
1671 4040 1731 4086 17
1776 4036 1838 4085 In
1874 4037 2045 4101 medio,
2093 4035 2199 4100 &cd
2254 4035 2358 4084 M·-
2400 4031 2541 4082 Dan·
2596 4033 2657 4082 In

470 4136 562 4171 ro:
597 4121 862 4171 ‘Protulit
899 4121 953 4170 in
994 4135 1199 4171 scenam
1243 4126 1372 4185 quot
1407 4119 1525 4170 dre·
1603 4112 1807 4162 medium
1824 4111 1955 4161 nobis
1969 4111 2164 4172 sedalis,
2183 4113 2263 4173 &a
2296 4107 2378 4159 Id·

473 4201 614 4244 mata
635 4193 980 4256 Fabellamm,
995 4192 1239 4244 Arcadiae
1255 4194 1424 4244 medio
1437 4191 1525 4259 qui
1673 4191 1733 4236 18
1751 4187 2009 4251 Quicquid]
2028 4186 2129 4237 ΜΒ.
2148 4185 2413 4241 Qwfflam·
2432 4181 2496 4236 tl·
2515 4184 2659 4242 Quic-

471 4268 612 4329 jecet
631 4269 685 4318 in
715 4267 966 4332 gremio?
999 4267 1142 4318 Lina.
1605 4265 1741 4326 quoa.
1774 4262 1859 4312 ld.
