3234 4934
1122 471 1218 519 ns
1265 468 1544 520 us'rms
1589 470 1910 521 coniers.
2478 458 2607 525 22³7

423 608 562 669 dum
591 604 829 689 quidem
857 610 916 670 in
942 610 1134 672 verbis
1177 610 1354 689 hujus
1395 611 1600 672 formae
1645 611 1886 673 dubium
1930 621 2043 686 est,
2086 622 2279 673 utrum
2316 612 2505 692 prima
2530 632 2607 673 an

425 704 630 763 ultima
671 706 750 765 sit
785 725 920 784 quse
963 726 1068 785 pro
1116 716 1386 787 correpta
1409 706 1715 780 habeatur,
1744 718 1813 768 ut
1858 707 1940 779 in,
1983 708 2217 788 expedi,
2265 708 2603 788 centuplex,

423 799 696 877 perdidit,
719 802 833 860 dcc.

507 895 708 967 Sexto,
736 895 794 953 in
835 895 1218 976 polysyllabis
1248 896 1498 975 syllaba,
1525 914 1663 975 qum
1708 906 1942 957 acutam
1986 898 2245 975 proxime
2300 898 2604 976 proecedit‚

427 1008 586 1068 saepe
614 991 938 1072 corripitur,
967 992 1080 1051 etsi
1119 1012 1237 1051 non
1267 990 1559 1069 positione
1589 989 1787 1062 modo,
1818 990 1925 1049 sed
1970 1003 2033 1052 et
2070 992 2258 1051 vocali
2302 992 2483 1073 longa
2512 995 2609 1067 sit,

424 1084 479 1143 vi
507 1103 707 1144 eorum
736 1106 870 1165 quoe
898 1086 972 1147 de
1001 1097 1252 1146 accentu
1279 1086 1442 1145 dicta
1469 1096 1630 1159 sunt,
1656 1096 1723 1145 ut
1750 1086 1809 1144 in

588 1218 899 1291 argentum
1059 1214 1452 1273 ministremus
1634 1213 1945 1273 volantatis
2152 1214 2529 1294 supellectilis

586 1314 830 1369 ornatus
1053 1316 1435 1388 magistratus
1630 1310 1948 1386 voluptatis
2152 1310 2453 1371 cicatrices

587 1402 986 1463 Alexandrum
1063 1403 1412 1483 pugillatum
1631 1404 1956 1465 venustatis
2158 1405 2465 1465 obedirent

592 1500 948 1577 gubernator
1066 1496 1374 1579 potestatis
1632 1500 1957 1561 senectutis
2156 1500 2459 1559 videbatur

2163 1595 2533 1656 verebamini.

511 1707 762 1768 Plautus
809 1706 924 1767 hac
973 1703 1212 1766 licentia
1257 1722 1402 1763 usus
1458 1714 1552 1765 est
1603 1706 1788 1789 etiam·
1827 1726 1962 1766 cum
2006 1705 2295 1785 syllabam
2341 1706 2616 1785 producit

429 1803 856 1884 diphthongus,
882 1813 952 1860 ut
985 1801 1067 1874 in,
1096 1797 1315 1859 audivi.
1359 1798 1430 1858 In
1460 1800 1759 1860 nonnullis
1788 1798 1987 1873 etiam,
2017 1820 2151 1861 cum
2181 1801 2411 1881 syllaba
2436 1811 2614 1861 acuta

321 1948 324 1953 .
427 1898 622 1957 brevis
649 1904 763 1967 est,
790 1913 866 1953 ea
891 1914 1027 1973 quae
1075 1894 1238 1951 illam
1285 1894 1549 1971 proxime
1596 1894 1898 1972 praecedit,
1926 1896 2037 1954 etsi
2065 1896 2253 1955 vocali
2282 1895 2463 1975 longa
2491 1896 2615 1955 ani-

432 2002 610 2064 mata,
636 1998 835 2049 tamen
863 1987 1191 2066 corripitur,
1217 1987 1389 2056 utin,
1413 1986 1668 2045 amicitia
1692 1999 1754 2046 et
1778 1988 2085 2065 pudicitia.

517 2086 802 2163 Septimo,
833 2082 888 2141 in
935 2080 1236 2162 quibusvis
1279 2082 1472 2141 verbis
1500 2081 1767 2141 vocalem
1799 2083 2037 2159 longam
2068 2084 2160 2141 vel
2184 2082 2616 2162 diphthongum

432 2179 668 2239 finalem
706 2188 988 2257 sequente
1012 2178 1203 2235 vocali
1227 2175 1571 2255 corripiunt,
1598 2185 1661 2235 et
1686 2195 1792 2254 pro
1820 2177 2057 2237 arbitrio
2084 2178 2402 2257 negligunt
2427 2178 2617 2257 longi-

434 2274 700 2335 tudinem
729 2295 804 2336 ex
823 2273 1113 2352 positione
1135 2272 1265 2331 sola
1291 2260 1522 2338 ortam3
1565 2280 1631 2331 et
1654 2272 1895 2349 quasvis
1926 2271 2183 2351 syllabas
2213 2290 2319 2350 pro
2343 2272 2618 2333 brevibus

431 2370 674 2443 habent,
724 2388 972 2448 quarum
999 2366 1222 2427 vocalis
1272 2366 1468 2425 brevis
1517 2376 1633 2437 est,
1682 2365 1970 2444 siquidem
2017 2376 2298 2427 accentus
2348 2387 2467 2427 non
2518 2386 2619 2427 eas

435 2465 725 2525 intendat.
823 2462 1076 2523 Plautus
1128 2460 1370 2541 quidem
1421 2460 1614 2540 ipsam
1662 2472 1896 2520 acutam
1925 2480 2159 2543 quoque
2212 2462 2273 2520 in
2322 2461 2619 2522 nonnullis

434 2559 734 2638 corripuit,
761 2569 829 2618 ut
855 2557 916 2617 in

599 2668 839 2729 dedisse
1099 2665 1388 2726 modestae
1628 2667 1915 2727 fenestras
2152 2667 2459 2750 Philippus

598 2784 843 2825 necesse
1099 2761 1351 2822 sceleste
1629 2762 1881 2841 papillas
2153 2764 2445 2844 Philippei

593 2860 796 2920 libello
1096 2858 1359 2937 puellam
1642 2858 1893 2937 sagittas
2163 2858 2483 2918 sinistram.

518 2986 827 3047 Terentius
854 3004 992 3045 vero
1022 3002 1337 3061 nusquam,
1366 2980 1528 3061 quod
1559 2982 1763 3055 sciam,
1792 2982 1905 3041 nisi
1929 2982 2011 3055 in,
2038 2985 2271 3043 tametsi
2299 2994 2360 3044 et
2383 2983 2623 3056 favillae,

439 3102 589 3162 quas
618 3082 678 3140 in
706 3078 870 3158 vulgi
894 3096 1132 3158 quoque
1159 3096 1260 3136 ore
1282 3076 1492 3155 corripi
1522 3077 1711 3136 solere
1730 3076 2007 3137 credibile
2032 3088 2166 3137 est:
2208 3078 2370 3157 quod
2396 3077 2472 3137 de
2494 3078 2625 3137 aliis

439 3178 617 3239 etiam
639 3174 948 3235 maximam
977 3182 1203 3253 partem
1231 3170 1548 3230 dicendum
1575 3171 1839 3231 arbitror.

522 3273 774 3344 Octavo,
799 3271 860 3331 in
890 3288 1070 3329 unam
1098 3267 1421 3346 saepissime
1447 3266 1805 3327 contrahunt
1841 3264 2099 3347 syllabas
2128 3265 2187 3325 in
2231 3266 2443 3345 quibus
2488 3266 2625 3326 dues

441 3368 666 3448 quaevis
693 3365 930 3428 vocales
959 3374 1338 3437 concurrunt,
1365 3373 1436 3423 ut

683 3494 740 3553 ai
767 3494 846 3565 in,
871 3492 968 3552 ain
1284 3490 1344 3549 ia
1371 3488 1451 3558 in,
1475 3488 1632 3547 scias

683 3608 755 3647 ea
780 3587 864 3659 in,
891 3585 1055 3645 solea
1278 3586 1331 3643 ei
1353 3584 1432 3655 in,
1461 3582 1639 3642 hodie
1890 3584 1946 3643 oi
1977 3584 2057 3654 in,
2082 3584 2248 3663 proin

686 3682 742 3741 ei
767 3682 852 3751 in,
881 3680 1014 3739 dein
1280 3680 1321 3738 ii
1349 3679 1432 3750 in,
1457 3677 1633 3737 rediit
1884 3678 1944 3737 ui
1973 3678 2055 3747 in,
2084 3678 2219 3737 huic

685 3796 758 3835 eo
785 3776 870 3846 in,
895 3774 1044 3835 adeo
1287 3774 1344 3833 io
1373 3774 1454 3844 iu,
1484 3773 1676 3832 otiose
1894 3792 1973 3831 uo
2000 3774 2079 3844 in,
2110 3772 2361 3832 duobus.

686 3892 762 3932 eu
791 3872 872 3943 in,
903 3870 1069 3929 Deus
1291 3869 1352 3927 iu
1373 3869 1455 3937 in,
1483 3867 1584 3927 diu

863 4014 1151 4096 Exempla
1177 4010 1516 4092 hujusmodi
1543 4020 1685 4072 sunt
1711 4030 1926 4090 magno
1952 4030 2231 4071 numero:

613 4129 756 4189 mihi
769 4126 796 4161 ⁷
1253 4146 1386 4187 eum
1652 4145 1853 4185 eorum
2129 4124 2290 4181 suere
2344 4174 2351 4183 .

619 4224 764 4283 nihil
1259 4241 1388 4279 eam
1660 4239 1859 4279 earum
2128 4218 2313 4277 fuisse
