3234 4934
1011 468 1108 515 ns
1157 466 1438 518 narnis
1484 463 2048 517 ranam-mnis.
2483 455 2612 523 163

422 609 618 670 lectici
646 609 895 670 fuerint:
938 611 1151 689 quibus
1202 612 1262 669 in
1309 610 1455 672 locis
1500 609 1732 681 iambici
1781 610 2058 684 iambum,
2097 620 2158 671 et
2185 612 2466 675 trochaici
2495 624 2613 675 tro-

423 706 653 766 choeum
678 706 911 786 proprie
936 707 1278 786 requirunt:
1322 717 1519 769 tamen
1548 706 1607 765 in
1639 708 2116 767 catalecticorum
2143 709 2384 788 regione
2405 713 2616 789 penul-

426 804 571 862 tima
597 802 1083 883 brachysyllabus
1112 816 1173 863 et
1220 820 1648 881 nonuunquam
1696 802 1968 884 dactylus
2013 824 2118 883 pro
2147 804 2409 864 trochaeo
2434 806 2616 866 collo-

428 910 674 960 cantur:
717 910 896 979 atque
934 920 1042 980 pro
1084 900 1277 961 iambo
1307 901 1499 980 quivis
1550 920 1680 979 pes,
1728 901 1824 960 cui
1868 902 1936 960 in·
1978 903 2616 964 ceteris-iambicorum

425 995 663 1057 sedibus
708 996 946 1057 daretur
988 998 1188 1058 locus:
1248 998 1311 1057 in
1352 997 1559 1058 ultima
1603 1016 1744 1058 vero
1791 998 2272 1059 catalecticorum
2317 1000 2460 1061 sede
2508 1020 2620 1081 pro·

421 1091 618 1152 iambo
646 1093 705 1152 in
730 1093 1017 1168 iambicis,
1044 1104 1106 1155 et
1144 1114 1252 1175 pro
1299 1095 1561 1155 trochaeo
1604 1096 1665 1154 in
1693 1094 2010 1156 trochaicis
2056 1098 2294 1176 ponitur
2341 1099 2618 1179 semipes,

422 1188 537 1249 hoc
564 1198 678 1261 est,
705 1190 896 1269 prima
939 1190 1110 1269 pedis
1158 1192 1315 1251 illius
1345 1190 1611 1271 syllaba:
1676 1211 1885 1270 nempe
1928 1194 2120 1253 brevis
2164 1213 2272 1272 pro
2312 1194 2530 1268 iambo,
2560 1205 2620 1257 et

422 1305 529 1364 pro
558 1286 821 1345 trochaeo
848 1285 1069 1365 longa:
1115 1286 1244 1359 sed,
1288 1308 1423 1347 cum
1467 1288 1728 1366 cujusvis
1766 1308 1970 1349 versus
2015 1290 2223 1350 ultima
2273 1292 2349 1351 sit
2377 1311 2618 1371 ancep8,

424 1398 533 1460 pro
560 1382 751 1460 priore
780 1382 977 1454 iambi,
1006 1381 1223 1460 longa:
1289 1392 1351 1442 et
1376 1393 1604 1455 contra,
1632 1384 1823 1443 brevis
1861 1403 1968 1463 pro
2010 1387 2198 1464 prima
2225 1386 2466 1447 trochaei
2496 1389 2622 1448 col-

423 1477 670 1538 locatur.
756 1476 1135 1557 Pyrrhichius
1190 1478 1367 1539 etiam
1422 1482 1480 1539 in
1530 1480 1798 1541 iambicis
1841 1482 2240 1543 acatalecticis
2279 1502 2386 1562 pro
2426 1485 2621 1543 iambo

424 1572 695 1633 ultimum
746 1573 941 1633 locum
987 1585 1277 1655 occupat:
1336 1586 1399 1635 at
1446 1576 1585 1637 alibi
1634 1596 1926 1656 nusquam
1967 1576 2200 1637 visitur.-
2273 1570 2626 1639 Proceleus-

426 1670 675 1730 maticus
700 1688 834 1730 raro
864 1688 996 1730 sese
1043 1670 1255 1731 offert:
1313 1672 1367 1732 ei
1415 1682 1608 1732 tamen
1661 1671 1826 1731 nullo
1868 1672 2200 1753 refragante
2243 1674 2417 1735 datur
2455 1674 2621 1736 locus

424 1779 485 1827 et
511 1768 572 1826 in
598 1768 863 1829 iambicis
892 1777 956 1826 et
996 1767 1057 1825 in
1092 1766 1431 1828 trochaicis.
1517 1768 1809 1841 Creticos,
1857 1769 2331 1847 amphibrachos,
2380 1780 2442 1832 et
2485 1774 2624 1831 baca

424 1864 587 1925 chios
613 1864 855 1943 quidam
885 1864 1125 1924 omnino
1154 1874 1476 1943 respuunt:
1518 1864 1655 1924 illos
1685 1865 1783 1925 alii
1811 1884 1968 1944 aegre
1997 1865 2235 1945 quidem
2265 1867 2622 1928 admittunt:

424 1960 532 2021 sed
562 1980 664 2020 eos
692 1953 1308 2039 prorsus‘rejiciendos
1338 1978 1715 2040 nequaquam
1743 1970 2008 2020 censent.
2095 1960 2224 2021 Nos
2254 1962 2473 2042 ubique
2504 1964 2623 2023 fere

425 2075 545 2135 quo
582 2066 761 2136 pacto
788 2066 851 2116 et
875 2055 1083 2115 horum
1112 2065 1174 2115 et
1216 2055 1447 2115 illorum
1492 2056 1692 2134 opinio
1720 2054 1960 2115 defendi
1986 2068 2195 2135 posset
2221 2058 2626 2133 indicavimus,

424 2153 527 2211 uni
550 2152 745 2212 versui
760 2151 914 2211 duos
931 2151 1317 2211 dimensionis
1340 2150 1549 2211 modos
1572 2154 1949 2232 assignantes
1967 2152 2043 2211 ad
2067 2174 2202 2213 eum
2223 2173 2414 2233 usque
2431 2154 2628 2216 locum

425 2247 527 2326 qui
556 2248 943 2308 dissensionis
972 2258 1134 2308 esset
1159 2250 1475 2309 terminus:
1518 2268 1682 2329 saepe
1710 2250 1887 2310 etiam
1919 2249 1996 2309 ad
2025 2268 2145 2310 rem
2171 2250 2361 2330 ipsam
2394 2252 2628 2331 plenius

425 2344 864 2425 explanandam
914 2344 1273 2405 brevissimis
1318 2344 1558 2405 scholiis
1607 2344 1912 2405 adhibitis.
1993 2346 2082 2405 Ac
2125 2346 2350 2425 primus
2390 2348 2629 2426 quidem

425 2441 659 2516 modus,
689 2462 825 2520 quae
853 2452 973 2502 tres
1010 2441 1121 2501 hos
1150 2442 1332 2521 pedes
1360 2442 1585 2521 recipit,
1614 2441 2157 2522 planus,-simplex,
2195 2442 2526 2522 expeditus,
2569 2454 2634 2503 et

428 2536 673 2597 evidens
702 2547 827 2597 est:
871 2556 992 2597 non
1036 2538 1191 2597 enim
1225 2539 1389 2597 novit
1433 2538 1704 2597 insolitas
1756 2548 1818 2597 et
1861 2554 2102 2616 asperas
2151 2538 2282 2597 illas
2327 2538 2632 2612 diaereses,

431 2652 781 2713 synaereses,
809 2644 871 2693 et
896 2635 1132 2694 crebras
1162 2633 1462 2692 literarum
1505 2632 1802 2705 elisiones,
1854 2653 1990 2711 quoe
2037 2633 2362 2713 posteriore
2409 2634 2634 2695 dimen-

431 2730 615 2790 sionis
642 2730 870 2790 ratione
898 2730 971 2789 iis
1022 2739 1163 2788 sunt
1186 2728 1674 2808 perscrutandas:
1739 2730 1841 2807 qui
1885 2729 2052 2789 nulla
2098 2750 2219 2789 non
2264 2731 2634 2802 diverticula,

429 2826 671 2906 quosvis
701 2826 1027 2896 anfractus,
1056 2835 1119 2885 et
1145 2827 1343 2887 omnia
1370 2826 1630 2906 suffugia
1657 2836 1950 2905 quaerunt,
1979 2845 2100 2904 quo
2129 2839 2394 2887 monstra
2421 2827 2522 2886 illa
2543 2832 2636 2903 (ut

428 2923 542 3003 ipsi
561 2923 913 3001 loquuntur)
931 2930 1263 2981 exterorum
1288 2920 1505 3002 pedum
1534 2922 1768 2999 possint
1794 2921 2037 2981 evitare.
2078 2921 2392 3009 Praecipua
2418 2921 2639 2999 effugia

431 3018 770 3078 consistunt
818 3016 881 3074 in
930 3014 1299 3089 dim-esibus,
1349 3017 1770 3097 synaeresibus‚
1811 3026 1873 3076 et
1915 3016 2284 3077 elisionibus.
2386 3018 2638 3077 Diaei-esi

430 3124 613 3173 unam
662 3112 951 3193 syllabam
998 3112 1059 3169 in
1112 3111 1262 3172 duas
1312 3112 1618 3173 dividunt:
1687 3132 1797 3171 nos
1849 3112 2005 3171 hanc
2061 3112 2295 3172 duobus
2351 3113 2412 3171 in
2471 3114 2640 3193 apice

434 3210 673 3291 punctis
700 3208 988 3287 appositis
1019 3206 1503 3288 designavimus:
1548 3218 1652 3267 ut:
1687 3210 1805 3281 cui,
1835 3208 1973 3280 Βεῑ,
2004 3208 2125 3281 Βῑί,
2159 3204 2310 3281 Diis,
2337 3210 2475 3282 Iam,
2504 3228 2642 3269 cum

434 3326 469 3367 e
496 3306 922 3387 monosyllabis
978 3308 1130 3367 fiunt
1170 3305 1501 3386 disyllaba:
1564 3306 1800 3383 cuique,
1843 3304 2082 3377 deinde,
2123 3304 2391 3384 proinde,
2441 3326 2579 3366 cum
2607 3326 2642 3365 e

434 3401 741 3483 disyllabis
784 3402 1094 3485 trisyllaba
1135 3402 1501 3482 judicantur.
1572 3400 1869 3479 Synaeresi
1899 3400 2050 3460 duas
2081 3400 2338 3481 syllabas
2368 3402 2426 3459 in
2460 3422 2644 3463 unam

434 3498 813 3573 contrahunt,
848 3518 1029 3579 quam
1072 3500 1189 3560 hac
1238 3498 1383 3558 no'ta
1429 3498 1605 3578 priori
1647 3498 1838 3557 vocali
1889 3499 2266 3578 superposita
2320 3498 2644 3559 indicatam

436 3593 758 3654 voluimus.
844 3596 957 3655 Illa
982 3596 1158 3675 igitur
1184 3605 1247 3656 et
1274 3615 1530 3675 sequens
1558 3594 1805 3668 vocalis,
1833 3614 1969 3676 quoe
1998 3596 2058 3653 in
2085 3594 2217 3654 aliis
2245 3594 2644 3674 poetisatque

436 3688 497 3747 in
526 3688 639 3747 hoc
658 3689 832 3767 juxta
856 3692 1107 3768 primum
1137 3691 1519 3751 dimensionis
1550 3690 1791 3751 modum
1837 3689 1988 3750 duas
2026 3692 2328 3751 efficerent
2362 3691 2648 3772 syllabas,

436 3784 496 3843 in
526 3802 707 3845 unam
750 3786 988 3857 coeunt,
1027 3805 1162 3845 cum
1209 3790 1453 3847 alteram
1500 3789 1830 3848 scansionis
1881 3788 2193 3859 rationem,
2243 3805 2381 3865 quae
2409 3796 2646 3847 exteros

436 3881 570 3942 illos
598 3880 783 3962 pedes
814 3900 936 3941 non
978 3880 1203 3961 recipit,
1244 3884 1637 3943 intuebimur:
1679 3885 1832 3943 utin
1865 3886 2168 3944 vocabulis
2213 3885 2644 3961 sequentibus:

446 3981 614 4051 abeo,
675 3980 868 4051 abeat,
914 3978 1175 4048 redeam,
1225 3976 1448 4050 redeat,
1505 3975 1676 4051 adeo,
1728 3979 1865 4051 ahu,
1926 3979 2034 4051 iiis,
2093 3981 2190 4051 ait,
2245 3978 2382 4050 ain’,
2429 3977 2649 4068 aiebas,

442 4076 694 4149 alienus,
722 4074 878 4148 allisi,
908 4076 1049 4148 alio,
1067 4074 1266 4147 audio,
1284 4076 1527 4137 audiat:
1566 4076 1935 4146 'circuitionffi
1958 4077 2266 4146 coemisse,
2290 4080 2648 4147 commeare,

443 4173 745 4245 confiteor,
773 4171 1003 4232 consilii
1030 4170 1211 4249 (idem
1233 4170 1523 4250 judicium
1552 4170 1629 4231 de
1657 4171 1898 4249 reliquis
1923 4169 2194 4250 genitivis
2221 4169 2648 4248 singularibus,

446 4275 507 4326 et
532 4268 907 4329 nominativis
936 4268 1261 4348 pluralibus
1289 4268 1351 4326 in
1379 4268 1459 4326 ii:
1502 4277 1590 4339 ut,
1639 4268 1886 4345 negotii,
1933 4264 2160 4345 gaudii,
2206 4268 2402 4345 pretii,
2431 4266 2653 4337 cetarii,
