3234 4934
1121 404 1214 449 ns
1265 401 1550 451 uss'rms
1597 402 1922 451 comicis.
2484 390 2613 455 215

493 546 890 610 Reme-risu:
905 544 1002 595 tibi
1021 544 1158 611 quod
1175 573 1196 585 -
1213 543 1468 609 placenta,
1489 557 1552 593 an
1579 541 1775 593 nondum
1790 544 2088 595 -etiam::?
2135 543 2231 593 ὃν.
2267 544 2347 593 De
2372 542 2614 595 fal-lacis.

559 628 753 677 Heaut.
776 639 864 675 ιιι.
883 630 932 675 3.
955 630 1033 674 35.
1099 627 1202 675 Et:

489 707 569 756 Tu
609 705 846 756 for-tasse
864 718 928 757 Ξ
945 705 1071 770 quid
1107 720 1185 754 ine
1208 732 1225 741 -
1249 704 1337 754 flat
1357 706 1377 769 ss
1392 741 1407 766 ‚
1445 704 1587 769 parvi
1608 734 1624 744 -
1646 703 2035 768 pendiszdlim
2072 704 2149 753 l'lli
2169 733 2187 744 ·
2205 706 2457 755 consulas.
2528 721 2607 755 iv.

557 792 606 837 8.
631 790 709 835 37.

663 881 902 940 Iambici
930 881 1248 941 tetrametri
1277 880 1793 961 hypercatalectici
1820 881 1880 941 hi
1913 894 2085 949 sunt;

488 976 614 1041 Ego'
635 976 702 1025 de
727 992 810 1025 me
826 1003 848 1014 -
863 975 996 1027 facio
1009 990 1074 1029 z
1089 978 1460 1041 corrice-turam
1477 978 1500 1042 ΙΙ
1517 984 1661 1027 nem⁰
1698 985 1777 1028 est
1797 1003 1816 1015 ·
1832 986 2034 1029 mcor-¹¹²
2070 979 2384 1030 a=ml00r¹¹³
2402 1007 2420 1021 ·
2436 980 2608 1031 hodie.

555 1057 754 1107 Heaut.
777 1072 862 1108 ιιι.
883 1062 933 1108 ⁸.
959 1062 1041 1109 1⁸.

487 1135 642 1188 Qnin‘
667 1138 791 1188 mibi
827 1140 1098 1189 ruo-lest*-
1118 1146 1292 1193 estz.
1361 1140 1456 1191 Cr..
1496 1139 1683 1203 Pergis
1701 1166 1723 1179 ·
1738 1140 1913 1190 hercle
1928 1142 1963 1203 ΙΙ.
2030 1140 2123 1190 Sir.
2160 1140 2350 1189 Verum
2369 1167 2389 1181 ·
2409 1139 2525 1190 dico
2541 1154 2605 1191 =

553 1217 689 1279 quod
715 1218 938 1269 videtur.
1001 1225 1086 1271 21.

487 1296 602 1345 Cui'
634 1305 827 1360 quanto
841 1326 862 1335 -
877 1297 1128 1351 fuerat:
1147 1306 1344 1365 praesta
1361 1328 1380 1340 ·
1399 1300 1604 1367 bilius-n,
1637 1301 1805 1352 ubivis
1820 1329 1839 1341 -
1856 1302 2063 1367 gentium
2086 1314 2152 1351 =
2180 1307 2325 1365 ager⁶
2360 1306 2604 1351 aetatem.

553 1377 692 1427 Hec.
713 1392 800 1428 nr.
821 1384 866 1428 l.
881 1382 930 1427 4.

423 1456 528 1515 Sin
555 1456 666 1515 hos
703 1458 1264 1537 hypercatalecticos
1317 1460 1586 1519 conseras
1632 1479 1767 1519 cum
1814 1461 2116 1541 utriusque
2165 1462 2395 1537 generis
2441 1468 2604 1518 cata-

419 1551 664 1624 lecticis‚
694 1554 914 1631 priores
943 1563 1084 1613 sunt
1112 1553 1408 1616 trochaico
1431 1554 1777 1615 catalectico
1806 1574 1926 1615 uno
1954 1554 2105 1633 pede
2134 1555 2447 1625 auctiores,
2464 1570 2605 1633 pos-

416 1647 658 1709 teriores
681 1658 874 1710 autern
903 1649 1217 1711 iambicum
1243 1652 1648 1713 catalecticum
1678 1672 1798 1711 uno
1826 1650 1979 1731 pede
2006 1650 2332 1711 excedunt:
2378 1650 2485 1709 sed
2526 1649 2603 1709 de

415 1742 507 1803 his
555 1744 723 1817 satis,
770 1764 1019 1824 quorum
1063 1764 1208 1805 usus
1236 1755 1356 1805 tam
1403 1746 1741 1825 infrequens
1770 1756 1883 1820 est,
1932 1756 1999 1807 ut
2026 1746 2327 1825 utriusque
2372 1747 2603 1823 generis

407 1832 474 1897 'in
499 1850 626 1899 toto
650 1842 926 1903 Terentio
955 1841 1051 1903 vix
1073 1842 1413 1920 plnsdecem
1441 1844 1577 1902 sint.

497 1935 672 2003 Quod
700 1937 780 1997 ad
805 1938 1012 1998 horum
1048 1958 1188 1999 vero
1219 1940 1609 2017 bisegmenta,
1640 1938 1838 1999 nescio
1869 1956 1943 1996 an
1976 1937 2253 1997 trochaici
2298 1946 2343 1997 t.
2372 1937 2433 1996 h.
2463 1956 2603 2016 pos-

413 2031 624 2091 teriore
651 2052 796 2093 usus
825 2034 903 2091 sit
931 2034 1080 2095 Hec.
1103 2054 1186 2094 xv.
1221 2036 1274 2094 1.
1297 2040 1358 2095 4.

818 2136 992 2207 Quod
1023 2138 1074 2199 si
1091 2172 1117 2184 -
1135 2138 1462 2199 rescie=rit
1489 2138 1817 2219 pepe-risse
1844 2156 1994 2198 eam.

417 2230 493 2299 Et
518 2229 747 2292 iambici
775 2242 820 2291 t.
846 2232 909 2291 h.
939 2234 1152 2312 priore,
1184 2235 1336 2293 Eun.
1365 2253 1443 2293 11.
1481 2237 1534 2292 1.
1564 2236 1623 2292 6.

815 2328 908 2388 Ne
932 2330 1105 2389 Ystuc
1127 2334 1247 2389 tam
1269 2328 1500 2407 in·iquo
1520 2362 1584 2400 ς,
1606 2328 1818 2408 patiar·
1846 2331 2061 2389 animo·

415 2422 575 2482 Licet
601 2431 908 2502 utrumque
937 2424 1152 2485 Plauto
1181 2426 1260 2484 sit
1286 2426 1430 2485 satis
1459 2426 1758 2504 frequens.

497 2517 608 2577 His
637 2517 810 2597 igitur
840 2520 1074 2595 relictis,
1101 2520 1324 2581 accedo
1351 2520 1430 2581 ad
1468 2520 1781 2581 iambicum
1820 2522 2161 2589 trimetrum,
2205 2538 2378 2597 quern
2410 2518 2599 2579 Latini

413 2612 709 2670 senarium
736 2612 956 2686 dixere,
985 2633 1216 2675 versum
1263 2615 1440 2693 longe
1481 2614 1930 2685 nobilissimum,
1974 2622 2037 2673 et
2061 2612 2319 2673 omnium
2348 2614 2599 2673 maxime

415 2726 452 2765 a
477 2708 728 2769 scenicis
755 2709 946 2788 poetis
969 2711 1400 2789 frequentatum
1428 2730 1444 2779 ς
1508 2709 1679 2789 cujus
1707 2718 1877 2769 tanta
1902 2718 2203 2780 venustae,
2251 2718 2321 2767 ut
2366 2708 2597 2775 Quinti-

409 2802 604 2865 lianus
634 2804 863 2877 dixerit,
905 2805 1082 2867 etiam
1123 2807 1378 2867 Terentii
1407 2807 1626 2885 scripta
1653 2805 1789 2885 plus
1818 2806 2021 2884 gratiae
2048 2804 2336 2873 habitura,
2366 2803 2417 2861 si
2442 2802 2599 2863 intra

413 2917 794 2961 rnmmnos
839 2902 1162 2963 stetissent.
1247 2902 1344 2961 Ad
1388 2922 1592 2962 versus
1640 2900 1814 2979 hujus
1859 2900 2342 2961 constitutionem
2385 2898 2602 2958 intelli·

413 2994 693 3071 gendam,
721 2996 798 3069 ei,
834 2998 934 3075 qui
979 2998 1158 3077 probe
1201 3006 1368 3057 tenet
1393 3018 1528 3073 quae
1558 2996 1634 3055 de
1660 2995 1912 3055 iambico
1941 3002 2279 3053 tetrametro
2306 2994 2599 3055 acatalec-

409 3088 530 3151 tico
577 3089 739 3152 dicta
787 3102 946 3165 sunt,
975 3094 1214 3153 verbum
1245 3092 1390 3152 satis
1417 3093 1564 3161 erit;
1609 3091 1779 3153 istius
1806 3092 1962 3151 enim
1997 3110 2201 3150 versus
2242 3106 2508 3147 normam
2537 3089 2608 3173 in·

411 3186 668 3247 animum
699 3198 951 3260 revocet,
975 3208 1110 3268 quse
1134 3188 1264 3249 haec
1296 3188 1440 3249 fuit:
2346 3259 2353 3265 .

539 3289 696 3345 Proh'
717 3293 1101 3343 Enormi-onem
1113 3306 1178 3345 ε..-
1197 3292 1582 3343 Phormi·onem
1600 3293 1623 3359 ΙΙ
1641 3292 2026 3343 Phanai-onem
2041 3302 2108 3343 :2
2124 3288 2385 3340 Phormio.

411 3388 502 3447 Ex
526 3388 640 3449 hac
670 3408 850 3449 unum
879 3392 1144 3469 quemvis
1174 3391 1560 3453 ditrochaeum
1589 3391 1841 3461 eximat;
1887 3389 2113 3468 reliqua
2151 3386 2463 3447 iambicum
2494 3387 2597 3446 tri-

411 3493 659 3543 metrum
686 3487 1000 3548 conficient
1024 3489 1139 3549 hac
1172 3490 1358 3550 forma
1382 3510 1397 3549 ε

649 3596 818 3655 Proh‘
843 3597 1284 3661 Phormi-onem
1306 3616 1373 3655 =
1394 3600 1835 3662 Phormi-onem
1856 3620 1923 3661 =
1948 3594 2257 3658 Phormi0.'

495 3702 578 3762 Ut
605 3704 843 3763 trimetri
873 3706 1048 3785 igitur
1071 3730 1344 3771 numeros
1389 3713 1590 3773 statim
1636 3732 1708 3772 ac
1751 3710 2004 3771 audieris
2050 3718 2277 3779 teneas,
2324 3716 2597 3767 constare

411 3818 660 3860 censeas
699 3820 776 3859 ex
817 3801 1048 3881 syllaba
1086 3824 1190 3864 seu
1238 3806 1554 3885 semipede,
1604 3808 1837 3867 duobus
1886 3803 2242 3873 ditrochaeis,
2272 3814 2333 3861 et
2358 3800 2597 3871 cretico,

410 3915 514 3955 sien
542 3896 1089 3975 proceleusmatico,
1135 3900 1239 3977 qui
1286 3900 1505 3961 cretico
1549 3921 1697 3980 par:
1762 3902 1813 3960 si
1852 3901 2173 3959 trimetrum
2214 3898 2273 3956 in
2319 3896 2427 3955 has
2466 3914 2598 3974 par-

407 4000 500 4051 tes
539 3992 824 4067 resolvas,
878 3994 1058 4073 illico,
1085 3994 1490 4075 deprehendes
1519 3999 1744 4078 absque
1784 3996 1915 4058 aliis
1959 3996 2213 4065 auxiliis,
2256 3992 2483 4069 integer
2520 3991 2601 4049 sit

413 4106 622 4149 necne.

493 4184 686 4337 {ujus
713 4188 948 4265 generis
976 4189 1175 4249 omnia
1206 4191 1420 4271 ubique
1451 4192 1625 4272 plena
1653 4204 1789 4253 sunt
1814 4212 1831 4251 ε
1876 4185 2125 4266 exempli
2150 4184 2287 4243 loco
2317 4181 2437 4251 sint
2464 4181 2598 4243 haec

413 4296 488 4337 ex
569 4300 666 4341 un.
699 4301 748 4341 1.
784 4286 836 4345 l.
