<?xml version="1.0" encoding="UTF-8"?>
<!DOCTYPE html PUBLIC "-//W3C//DTD XHTML 1.0 Transitional//EN"
    "http://www.w3.org/TR/xhtml1/DTD/xhtml1-transitional.dtd">
<html xmlns="http://www.w3.org/1999/xhtml" xml:lang="en" lang="en">
 <head>
  <title>
</title>
<meta http-equiv="Content-Type" content="text/html;charset=utf-8" />
  <meta name='ocr-system' content='tesseract 3.04.00' />
  <meta name='ocr-capabilities' content='ocr_page ocr_carea ocr_par ocr_line ocrx_word'/>
</head>
<body>
  <div class='ocr_page' id='page_1' title='image "./comoedisex10westgoog_0159.png"; bbox 0 0 3234 4934; ppageno 0'>
   <div class='ocr_carea' id='block_1_1' title="bbox 1006 392 2648 457">
    <p class='ocr_par' dir='ltr' id='par_1_1' title="bbox 1006 392 2648 457">
     <span class='ocr_line' id='line_1_1' title="bbox 1006 392 2648 457; baseline 0.001 -2"><span class='ocrx_word' id='word_1_1' title='bbox 1006 406 1103 457; x_wconf 79' lang='lat' dir='ltr'><strong>ns</strong></span> <span class='ocrx_word' id='word_1_2' title='bbox 1148 404 1450 455; x_wconf 75' lang='lat' dir='ltr'><strong>commis</strong></span> <span class='ocrx_word' id='word_1_3' title='bbox 1499 401 2124 456; x_wconf 65' lang='lat' dir='ltr'><strong>nmmsromsus.</strong></span> <span class='ocrx_word' id='word_1_4' title='bbox 2194 420 2197 423; x_wconf 94' lang='lat'><em>·</em></span> <span class='ocrx_word' id='word_1_5' title='bbox 2521 392 2648 457; x_wconf 69' lang='lat'><strong>151</strong></span> 
     </span>
    </p>
   </div>
   <div class='ocr_carea' id='block_1_2' title="bbox 462 540 2658 4277">
    <p class='ocr_par' dir='ltr' id='par_1_2' title="bbox 462 540 2658 4277">
     <span class='ocr_line' id='line_1_2' title="bbox 470 540 2650 627; baseline 0.002 -21"><span class='ocrx_word' id='word_1_6' title='bbox 470 546 687 607; x_wconf 76' lang='lat' dir='ltr'><strong>falsum</strong></span> <span class='ocrx_word' id='word_1_7' title='bbox 716 554 875 607; x_wconf 87' lang='lat' dir='ltr'><strong>esset</strong></span> <span class='ocrx_word' id='word_1_8' title='bbox 918 546 999 607; x_wconf 88' lang='lat' dir='ltr'><strong>ibi</strong></span> <span class='ocrx_word' id='word_1_9' title='bbox 1042 540 1295 627; x_wconf 80' lang='lat' dir='ltr'><strong>positum</strong></span> <span class='ocrx_word' id='word_1_10' title='bbox 1343 546 1576 626; x_wconf 84' lang='lat' dir='ltr'><strong>pedem,</strong></span> <span class='ocrx_word' id='word_1_11' title='bbox 1623 545 1902 626; x_wconf 87' lang='lat' dir='ltr'><strong>quoniam</strong></span> <span class='ocrx_word' id='word_1_12' title='bbox 1933 547 2236 609; x_wconf 76' lang='lat' dir='ltr'><strong>feriretur:</strong></span> <span class='ocrx_word' id='word_1_13' title='bbox 2279 547 2391 611; x_wconf 82' lang='lat' dir='ltr'><strong>sed</strong></span> <span class='ocrx_word' id='word_1_14' title='bbox 2425 558 2650 623; x_wconf 88' lang='lat' dir='ltr'><strong>contra,</strong></span> 
     </span>
     <span class='ocr_line' id='line_1_3' title="bbox 469 636 2648 725; baseline 0.001 -20"><span class='ocrx_word' id='word_1_15' title='bbox 469 650 669 705; x_wconf 82' lang='lat' dir='ltr'><strong>verum</strong></span> <span class='ocrx_word' id='word_1_16' title='bbox 694 654 874 715; x_wconf 84' lang='lat' dir='ltr'><strong>esset,</strong></span> <span class='ocrx_word' id='word_1_17' title='bbox 904 642 983 703; x_wconf 91' lang='lat' dir='ltr'><strong>ibi</strong></span> <span class='ocrx_word' id='word_1_18' title='bbox 1010 644 1185 715; x_wconf 87' lang='lat' dir='ltr'><strong>feriri,</strong></span> <span class='ocrx_word' id='word_1_19' title='bbox 1228 644 1505 722; x_wconf 90' lang='lat' dir='ltr'><strong>quoniam</strong></span> <span class='ocrx_word' id='word_1_20' title='bbox 1529 662 1638 723; x_wconf 88' lang='lat' dir='ltr'><strong>pes</strong></span> <span class='ocrx_word' id='word_1_21' title='bbox 1667 654 2001 723; x_wconf 80' lang='lat' dir='ltr'><strong>poneretur.</strong></span> <span class='ocrx_word' id='word_1_22' title='bbox 2084 644 2166 705; x_wconf 85' lang='lat' dir='ltr'><strong>At</strong></span> <span class='ocrx_word' id='word_1_23' title='bbox 2192 643 2306 705; x_wconf 86' lang='lat' dir='ltr'><strong>hoc</strong></span> <span class='ocrx_word' id='word_1_24' title='bbox 2333 636 2648 725; x_wconf 62' lang='lat' dir='ltr'><strong>quesn-imus</strong></span> 
     </span>
     <span class='ocr_line' id='line_1_4' title="bbox 470 740 2652 819; baseline 0.002 -22"><span class='ocrx_word' id='word_1_25' title='bbox 470 758 631 800; x_wconf 89' lang='lat' dir='ltr'><strong>nunc</strong></span> <span class='ocrx_word' id='word_1_26' title='bbox 660 759 791 813; x_wconf 87' lang='lat' dir='ltr'><strong>nos,</strong></span> <span class='ocrx_word' id='word_1_27' title='bbox 838 760 1015 819; x_wconf 90' lang='lat' dir='ltr'><strong>quam</strong></span> <span class='ocrx_word' id='word_1_28' title='bbox 1045 742 1122 800; x_wconf 93' lang='lat' dir='ltr'><strong>ob</strong></span> <span class='ocrx_word' id='word_1_29' title='bbox 1159 760 1399 800; x_wconf 82' lang='lat' dir='ltr'><strong>cansam</strong></span> <span class='ocrx_word' id='word_1_30' title='bbox 1427 741 1503 800; x_wconf 90' lang='lat' dir='ltr'><strong>ibi</strong></span> <span class='ocrx_word' id='word_1_31' title='bbox 1550 741 1778 819; x_wconf 88' lang='lat' dir='ltr'><strong>positus</strong></span> <span class='ocrx_word' id='word_1_32' title='bbox 1807 742 1904 801; x_wconf 85' lang='lat' dir='ltr'><strong>sit.</strong></span> <span class='ocrx_word' id='word_1_33' title='bbox 1987 740 2304 813; x_wconf 79' lang='lat' dir='ltr'><strong>Proeterea,</strong></span> <span class='ocrx_word' id='word_1_34' title='bbox 2331 740 2383 801; x_wconf 81' lang='lat' dir='ltr'><strong>si</strong></span> <span class='ocrx_word' id='word_1_35' title='bbox 2409 759 2483 801; x_wconf 83' lang='lat' dir='ltr'><strong>ea</strong></span> <span class='ocrx_word' id='word_1_36' title='bbox 2504 741 2652 803; x_wconf 83' lang='lat' dir='ltr'><strong>ratio</strong></span> 
     </span>
     <span class='ocr_line' id='line_1_5' title="bbox 468 834 2653 915; baseline 0.001 -20"><span class='ocrx_word' id='word_1_37' title='bbox 468 844 584 906; x_wconf 88' lang='lat' dir='ltr'><strong>est,</strong></span> <span class='ocrx_word' id='word_1_38' title='bbox 610 834 905 915; x_wconf 89' lang='lat' dir='ltr'><strong>quomodo</strong></span> <span class='ocrx_word' id='word_1_39' title='bbox 955 836 1254 896; x_wconf 79' lang='lat' dir='ltr'><strong>constabit</strong></span> <span class='ocrx_word' id='word_1_40' title='bbox 1291 836 1350 895; x_wconf 90' lang='lat' dir='ltr'><strong>in</strong></span> <span class='ocrx_word' id='word_1_41' title='bbox 1390 835 1726 908; x_wconf 78' lang='lat' dir='ltr'><strong>trochaicis,</strong></span> <span class='ocrx_word' id='word_1_42' title='bbox 1765 838 1866 915; x_wconf 89' lang='lat' dir='ltr'><strong>qui</strong></span> <span class='ocrx_word' id='word_1_43' title='bbox 1909 836 2130 897; x_wconf 83' lang='lat' dir='ltr'>ibidem</span> <span class='ocrx_word' id='word_1_44' title='bbox 2174 836 2506 897; x_wconf 74' lang='lat' dir='ltr'><strong>feriuntur?</strong></span> <span class='ocrx_word' id='word_1_45' title='bbox 2571 836 2653 897; x_wconf 89' lang='lat' dir='ltr'><strong>Ut</strong></span> 
     </span>
     <span class='ocr_line' id='line_1_6' title="bbox 469 928 2654 1011; baseline 0.002 -22"><span class='ocrx_word' id='word_1_46' title='bbox 469 930 647 1008; x_wconf 81' lang='lat' dir='ltr'><strong>igitur</strong></span> <span class='ocrx_word' id='word_1_47' title='bbox 672 930 1016 1009; x_wconf 76' lang='lat' dir='ltr'><strong>quoestionis</strong></span> <span class='ocrx_word' id='word_1_48' title='bbox 1044 931 1327 991; x_wconf 87' lang='lat' dir='ltr'><strong>rationem</strong></span> <span class='ocrx_word' id='word_1_49' title='bbox 1356 928 1516 1010; x_wconf 88' lang='lat' dir='ltr'><strong>apud</strong></span> <span class='ocrx_word' id='word_1_50' title='bbox 1560 949 1671 990; x_wconf 90' lang='lat' dir='ltr'><strong>nos</strong></span> <span class='ocrx_word' id='word_1_51' title='bbox 1699 942 1994 1010; x_wconf 87' lang='lat' dir='ltr'><strong>putemus,</strong></span> <span class='ocrx_word' id='word_1_52' title='bbox 2024 932 2415 1011; x_wconf 70' lang='lat' dir='ltr'><strong>intelligamus</strong></span> <span class='ocrx_word' id='word_1_53' title='bbox 2439 952 2654 993; x_wconf 85' lang='lat' dir='ltr'><strong>secun·</strong></span> 
     </span>
     <span class='ocr_line' id='line_1_7' title="bbox 469 1026 2658 1109; baseline 0.002 -24"><span class='ocrx_word' id='word_1_54' title='bbox 469 1026 611 1086; x_wconf 86' lang='lat' dir='ltr'><strong>dum</strong></span> <span class='ocrx_word' id='word_1_55' title='bbox 666 1029 971 1087; x_wconf 85' lang='lat' dir='ltr'><strong>verborum</strong></span> <span class='ocrx_word' id='word_1_56' title='bbox 1026 1028 1417 1089; x_wconf 82' lang='lat' dir='ltr'><strong>inventionem</strong></span> <span class='ocrx_word' id='word_1_57' title='bbox 1463 1046 1615 1099; x_wconf 83' lang='lat' dir='ltr'><strong>esse,</strong></span> <span class='ocrx_word' id='word_1_58' title='bbox 1673 1038 1740 1088; x_wconf 91' lang='lat' dir='ltr'><strong>ut</strong></span> <span class='ocrx_word' id='word_1_59' title='bbox 1783 1047 1821 1087; x_wconf 90' lang='lat' dir='ltr'><strong>a</strong></span> <span class='ocrx_word' id='word_1_60' title='bbox 1868 1027 2064 1109; x_wconf 86' lang='lat' dir='ltr'><strong>longis</strong></span> <span class='ocrx_word' id='word_1_61' title='bbox 2109 1028 2476 1108; x_wconf 80' lang='lat' dir='ltr'><strong>incipiamus,</strong></span> <span class='ocrx_word' id='word_1_62' title='bbox 2503 1040 2566 1089; x_wconf 87' lang='lat' dir='ltr'><strong>et</strong></span> <span class='ocrx_word' id='word_1_63' title='bbox 2591 1028 2658 1088; x_wconf 77' lang='lat' dir='ltr'><strong>in</strong></span> 
     </span>
     <span class='ocr_line' id='line_1_8' title="bbox 468 1122 2656 1203; baseline 0.003 -24"><span class='ocrx_word' id='word_1_64' title='bbox 468 1122 673 1182; x_wconf 86' lang='lat' dir='ltr'><strong>breves</strong></span> <span class='ocrx_word' id='word_1_65' title='bbox 699 1122 1079 1183; x_wconf 82' lang='lat' dir='ltr'><strong>deducamur.</strong></span> <span class='ocrx_word' id='word_1_66' title='bbox 1162 1122 1341 1195; x_wconf 89' lang='lat' dir='ltr'><strong>Nam,</strong></span> <span class='ocrx_word' id='word_1_67' title='bbox 1390 1140 1732 1201; x_wconf 86' lang='lat' dir='ltr'><strong>quanquam</strong></span> <span class='ocrx_word' id='word_1_68' title='bbox 1775 1123 1964 1183; x_wconf 86' lang='lat' dir='ltr'><strong>brevis</strong></span> <span class='ocrx_word' id='word_1_69' title='bbox 2010 1124 2238 1203; x_wconf 80' lang='lat' dir='ltr'><strong>syllaba</strong></span> <span class='ocrx_word' id='word_1_70' title='bbox 2286 1135 2499 1185; x_wconf 84' lang='lat' dir='ltr'><strong>natura</strong></span> <span class='ocrx_word' id='word_1_71' title='bbox 2542 1144 2656 1185; x_wconf 82' lang='lat' dir='ltr'><strong>sua</strong></span> 
     </span>
     <span class='ocr_line' id='line_1_9' title="bbox 464 1219 2656 1300; baseline 0.003 -25"><span class='ocrx_word' id='word_1_72' title='bbox 464 1220 623 1295; x_wconf 88' lang='lat' dir='ltr'><strong>prior</strong></span> <span class='ocrx_word' id='word_1_73' title='bbox 647 1229 761 1289; x_wconf 90' lang='lat' dir='ltr'><strong>est,</strong></span> <span class='ocrx_word' id='word_1_74' title='bbox 810 1238 988 1298; x_wconf 89' lang='lat' dir='ltr'><strong>quam</strong></span> <span class='ocrx_word' id='word_1_75' title='bbox 1034 1220 1236 1298; x_wconf 87' lang='lat' dir='ltr'><strong>longa,</strong></span> <span class='ocrx_word' id='word_1_76' title='bbox 1283 1219 1501 1298; x_wconf 85' lang='lat' dir='ltr'><strong>quippe</strong></span> <span class='ocrx_word' id='word_1_77' title='bbox 1552 1219 1868 1299; x_wconf 75' lang='lat' dir='ltr'><strong>simplicior</strong></span> <span class='ocrx_word' id='word_1_78' title='bbox 1912 1229 2045 1280; x_wconf 80' lang='lat' dir='ltr'><strong>est:</strong></span> <span class='ocrx_word' id='word_1_79' title='bbox 2096 1231 2291 1281; x_wconf 87' lang='lat' dir='ltr'><strong>tamen</strong></span> <span class='ocrx_word' id='word_1_80' title='bbox 2339 1240 2439 1300; x_wconf 88' lang='lat' dir='ltr'><strong>per</strong></span> <span class='ocrx_word' id='word_1_81' title='bbox 2485 1220 2656 1281; x_wconf 79' lang='lat' dir='ltr'><strong>initia</strong></span> 
     </span>
     <span class='ocr_line' id='line_1_10' title="bbox 468 1315 2653 1394; baseline 0.003 -23"><span class='ocrx_word' id='word_1_82' title='bbox 468 1315 870 1374; x_wconf 85' lang='lat' dir='ltr'><strong>inventionum</strong></span> <span class='ocrx_word' id='word_1_83' title='bbox 898 1316 1329 1375; x_wconf 81' lang='lat' dir='ltr'><strong>cunctabantur</strong></span> <span class='ocrx_word' id='word_1_84' title='bbox 1357 1315 1607 1392; x_wconf 88' lang='lat' dir='ltr'><strong>primum</strong></span> <span class='ocrx_word' id='word_1_85' title='bbox 1633 1334 1649 1373; x_wconf 91' lang='lat'>:</span> <span class='ocrx_word' id='word_1_86' title='bbox 1691 1335 1825 1394; x_wconf 83' lang='lat' dir='ltr'><strong>quse</strong></span> <span class='ocrx_word' id='word_1_87' title='bbox 1857 1316 2006 1375; x_wconf 88' lang='lat' dir='ltr'><strong>ratio</strong></span> <span class='ocrx_word' id='word_1_88' title='bbox 2039 1325 2152 1387; x_wconf 87' lang='lat' dir='ltr'><strong>est,</strong></span> <span class='ocrx_word' id='word_1_89' title='bbox 2177 1325 2246 1376; x_wconf 90' lang='lat' dir='ltr'><strong>ut</strong></span> <span class='ocrx_word' id='word_1_90' title='bbox 2269 1334 2478 1375; x_wconf 84' lang='lat' dir='ltr'><strong>vocum</strong></span> <span class='ocrx_word' id='word_1_91' title='bbox 2505 1317 2653 1378; x_wconf 76' lang='lat' dir='ltr'><strong>fines</strong></span> 
     </span>
     <span class='ocr_line' id='line_1_11' title="bbox 468 1410 2656 1490; baseline 0.003 -21"><span class='ocrx_word' id='word_1_92' title='bbox 468 1412 529 1469; x_wconf 85' lang='lat' dir='ltr'><strong>in</strong></span> <span class='ocrx_word' id='word_1_93' title='bbox 580 1410 1053 1490; x_wconf 77' lang='lat' dir='ltr'><strong>pronuntiatione</strong></span> <span class='ocrx_word' id='word_1_94' title='bbox 1080 1412 1483 1472; x_wconf 83' lang='lat' dir='ltr'><strong>obscurentur.</strong></span> <span class='ocrx_word' id='word_1_95' title='bbox 1568 1411 1662 1469; x_wconf 89' lang='lat' dir='ltr'><strong>Ita</strong></span> <span class='ocrx_word' id='word_1_96' title='bbox 1715 1412 1872 1471; x_wconf 88' lang='lat' dir='ltr'><strong>enim</strong></span> <span class='ocrx_word' id='word_1_97' title='bbox 1915 1411 2254 1479; x_wconf 74' lang='lat' dir='ltr'><strong>meditantis</strong></span> <span class='ocrx_word' id='word_1_98' title='bbox 2299 1424 2362 1470; x_wconf 82' lang='lat' dir='ltr'><strong>et</strong></span> <span class='ocrx_word' id='word_1_99' title='bbox 2397 1413 2656 1475; x_wconf 82' lang='lat' dir='ltr'><strong>consulti</strong></span> 
     </span>
     <span class='ocr_line' id='line_1_12' title="bbox 469 1507 2653 1590; baseline 0.001 -23"><span class='ocrx_word' id='word_1_100' title='bbox 469 1508 649 1568; x_wconf 86' lang='lat' dir='ltr'><strong>animi</strong></span> <span class='ocrx_word' id='word_1_101' title='bbox 694 1508 1049 1587; x_wconf 77' lang='lat' dir='ltr'><strong>suspendere</strong></span> <span class='ocrx_word' id='word_1_102' title='bbox 1078 1528 1302 1582; x_wconf 87' lang='lat' dir='ltr'><strong>vocem,</strong></span> <span class='ocrx_word' id='word_1_103' title='bbox 1351 1528 1471 1569; x_wconf 89' lang='lat' dir='ltr'><strong>non</strong></span> <span class='ocrx_word' id='word_1_104' title='bbox 1498 1508 1885 1590; x_wconf 66' lang='lat' dir='ltr'><strong>praecipitare.</strong></span> <span class='ocrx_word' id='word_1_105' title='bbox 1987 1507 2382 1576; x_wconf 80' lang='lat' dir='ltr'><strong>Quamobrem</strong></span> <span class='ocrx_word' id='word_1_106' title='bbox 2422 1517 2542 1568; x_wconf 85' lang='lat' dir='ltr'><strong>tam</strong></span> <span class='ocrx_word' id='word_1_107' title='bbox 2588 1510 2653 1569; x_wconf 89' lang='lat' dir='ltr'><strong>in</strong></span> 
     </span>
     <span class='ocr_line' id='line_1_13' title="bbox 472 1602 2654 1684; baseline 0.002 -23"><span class='ocrx_word' id='word_1_108' title='bbox 472 1603 758 1674; x_wconf 79' lang='lat' dir='ltr'><strong>versibus,</strong></span> <span class='ocrx_word' id='word_1_109' title='bbox 784 1622 961 1681; x_wconf 87' lang='lat' dir='ltr'><strong>quam</strong></span> <span class='ocrx_word' id='word_1_110' title='bbox 990 1605 1047 1663; x_wconf 90' lang='lat' dir='ltr'><strong>in</strong></span> <span class='ocrx_word' id='word_1_111' title='bbox 1077 1623 1256 1683; x_wconf 88' lang='lat' dir='ltr'><strong>prosa</strong></span> <span class='ocrx_word' id='word_1_112' title='bbox 1283 1606 1565 1677; x_wconf 87' lang='lat' dir='ltr'><strong>oratione,</strong></span> <span class='ocrx_word' id='word_1_113' title='bbox 1604 1613 2026 1684; x_wconf 85' lang='lat' dir='ltr'><strong>postremarum</strong></span> <span class='ocrx_word' id='word_1_114' title='bbox 2067 1602 2424 1683; x_wconf 74' lang='lat' dir='ltr'><strong>syllabarum</strong></span> <span class='ocrx_word' id='word_1_115' title='bbox 2449 1604 2654 1666; x_wconf 87' lang='lat' dir='ltr'><strong>habita</strong></span> 
     </span>
     <span class='ocr_line' id='line_1_14' title="bbox 468 1698 2654 1781; baseline 0.002 -24"><span class='ocrx_word' id='word_1_116' title='bbox 468 1698 621 1759; x_wconf 87' lang='lat' dir='ltr'><strong>ratio</strong></span> <span class='ocrx_word' id='word_1_117' title='bbox 650 1709 743 1759; x_wconf 87' lang='lat' dir='ltr'><strong>est</strong></span> <span class='ocrx_word' id='word_1_118' title='bbox 770 1700 951 1761; x_wconf 89' lang='lat' dir='ltr'><strong>nulla.</strong></span> <span class='ocrx_word' id='word_1_119' title='bbox 1051 1701 1399 1762; x_wconf 82' lang='lat' dir='ltr'><strong>Trochoeum</strong></span> <span class='ocrx_word' id='word_1_120' title='bbox 1441 1703 1617 1781; x_wconf 82' lang='lat' dir='ltr'><strong>igitur</strong></span> <span class='ocrx_word' id='word_1_121' title='bbox 1668 1701 2055 1781; x_wconf 79' lang='lat' dir='ltr'><strong>antiquiorem</strong></span> <span class='ocrx_word' id='word_1_122' title='bbox 2105 1700 2288 1761; x_wconf 85' lang='lat' dir='ltr'><strong>fuisse</strong></span> <span class='ocrx_word' id='word_1_123' title='bbox 2335 1701 2557 1773; x_wconf 75' lang='lat' dir='ltr'><strong>iambo,</strong></span> <span class='ocrx_word' id='word_1_124' title='bbox 2591 1712 2654 1761; x_wconf 87' lang='lat' dir='ltr'><strong>et</strong></span> 
     </span>
     <span class='ocr_line' id='line_1_15' title="bbox 468 1792 2652 1876; baseline 0.003 -25"><span class='ocrx_word' id='word_1_125' title='bbox 468 1792 771 1876; x_wconf 76' lang='lat' dir='ltr'><strong>dactylum</strong></span> <span class='ocrx_word' id='word_1_126' title='bbox 818 1806 1121 1876; x_wconf 82' lang='lat' dir='ltr'><strong>anapaesto</strong></span> <span class='ocrx_word' id='word_1_127' title='bbox 1170 1816 1277 1875; x_wconf 90' lang='lat' dir='ltr'><strong>par</strong></span> <span class='ocrx_word' id='word_1_128' title='bbox 1324 1806 1436 1857; x_wconf 86' lang='lat' dir='ltr'><strong>est.</strong></span> <span class='ocrx_word' id='word_1_129' title='bbox 1520 1796 1681 1875; x_wconf 89' lang='lat' dir='ltr'><strong>Ergo</strong></span> <span class='ocrx_word' id='word_1_130' title='bbox 1726 1796 2088 1857; x_wconf 86' lang='lat' dir='ltr'><strong>trochaicum</strong></span> <span class='ocrx_word' id='word_1_131' title='bbox 2127 1816 2360 1857; x_wconf 82' lang='lat' dir='ltr'><strong>versum</strong></span> <span class='ocrx_word' id='word_1_132' title='bbox 2401 1798 2652 1858; x_wconf 87' lang='lat' dir='ltr'><strong>iambico</strong></span> 
     </span>
     <span class='ocr_line' id='line_1_16' title="bbox 468 1889 2653 1973; baseline 0.003 -26"><span class='ocrx_word' id='word_1_133' title='bbox 468 1889 740 1970; x_wconf 84' lang='lat' dir='ltr'><strong>priorem.</strong></span> <span class='ocrx_word' id='word_1_134' title='bbox 806 1891 1027 1966; x_wconf 85' lang='lat' dir='ltr'><strong>Quare,</strong></span> <span class='ocrx_word' id='word_1_135' title='bbox 1056 1912 1191 1953; x_wconf 89' lang='lat' dir='ltr'><strong>cum</strong></span> <span class='ocrx_word' id='word_1_136' title='bbox 1231 1894 1435 1972; x_wconf 78' lang='lat' dir='ltr'><strong>primae</strong></span> <span class='ocrx_word' id='word_1_137' title='bbox 1461 1912 1711 1972; x_wconf 58' lang='lat' dir='ltr'><strong>quasque</strong></span> <span class='ocrx_word' id='word_1_138' title='bbox 1739 1892 1914 1953; x_wconf 80' lang='lat' dir='ltr'><strong>sedes</strong></span> <span class='ocrx_word' id='word_1_139' title='bbox 1941 1892 2202 1953; x_wconf 83' lang='lat' dir='ltr'><strong>trochoeo</strong></span> <span class='ocrx_word' id='word_1_140' title='bbox 2231 1894 2444 1953; x_wconf 83' lang='lat' dir='ltr'><strong>fuerint</strong></span> <span class='ocrx_word' id='word_1_141' title='bbox 2471 1912 2653 1973; x_wconf 88' lang='lat' dir='ltr'><strong>pecu-</strong></span> 
     </span>
     <span class='ocr_line' id='line_1_17' title="bbox 469 1984 2650 2069; baseline 0.004 -26"><span class='ocrx_word' id='word_1_142' title='bbox 469 1984 667 2057; x_wconf 85' lang='lat' dir='ltr'><strong>liares,</strong></span> <span class='ocrx_word' id='word_1_143' title='bbox 696 1986 897 2045; x_wconf 82' lang='lat' dir='ltr'><strong>alteras</strong></span> <span class='ocrx_word' id='word_1_144' title='bbox 926 1987 1011 2045; x_wconf 90' lang='lat' dir='ltr'><strong>illi</strong></span> <span class='ocrx_word' id='word_1_145' title='bbox 1041 1988 1261 2049; x_wconf 77' lang='lat' dir='ltr'><strong>relictae</strong></span> <span class='ocrx_word' id='word_1_146' title='bbox 1292 2001 1453 2049; x_wconf 88' lang='lat' dir='ltr'><strong>sunt.</strong></span> <span class='ocrx_word' id='word_1_147' title='bbox 1532 1989 1850 2063; x_wconf 76' lang='lat' dir='ltr'><strong>Praeterea,</strong></span> <span class='ocrx_word' id='word_1_148' title='bbox 1875 2008 2010 2048; x_wconf 89' lang='lat' dir='ltr'><strong>cum</strong></span> <span class='ocrx_word' id='word_1_149' title='bbox 2040 1990 2333 2050; x_wconf 76' lang='lat' dir='ltr'><strong>trochoeus</strong></span> <span class='ocrx_word' id='word_1_150' title='bbox 2361 2000 2520 2051; x_wconf 80' lang='lat' dir='ltr'><strong>esset</strong></span> <span class='ocrx_word' id='word_1_151' title='bbox 2545 2004 2650 2069; x_wconf 72' lang='lat' dir='ltr'><strong>pes</strong></span> 
     </span>
     <span class='ocr_line' id='line_1_18' title="bbox 468 2081 2654 2165; baseline 0.004 -27"><span class='ocrx_word' id='word_1_152' title='bbox 468 2081 761 2155; x_wconf 69' lang='lat' dir='ltr'><strong>volubiliS,</strong></span> <span class='ocrx_word' id='word_1_153' title='bbox 790 2084 986 2143; x_wconf 91' lang='lat' dir='ltr'><strong>statim</strong></span> <span class='ocrx_word' id='word_1_154' title='bbox 1020 2103 1151 2145; x_wconf 79' lang='lat' dir='ltr'><strong>sese</strong></span> <span class='ocrx_word' id='word_1_155' title='bbox 1195 2085 1445 2165; x_wconf 85' lang='lat' dir='ltr'><strong>ingessit</strong></span> <span class='ocrx_word' id='word_1_156' title='bbox 1468 2086 1525 2145; x_wconf 86' lang='lat' dir='ltr'><strong>in</strong></span> <span class='ocrx_word' id='word_1_157' title='bbox 1553 2105 1805 2146; x_wconf 80' lang='lat' dir='ltr'><strong>versum.</strong></span> <span class='ocrx_word' id='word_1_158' title='bbox 1865 2086 2102 2144; x_wconf 85' lang='lat' dir='ltr'><strong>Iambus</strong></span> <span class='ocrx_word' id='word_1_159' title='bbox 2133 2094 2330 2145; x_wconf 88' lang='lat' dir='ltr'><strong>autem</strong></span> <span class='ocrx_word' id='word_1_160' title='bbox 2353 2097 2654 2164; x_wconf 81' lang='lat' dir='ltr'><strong>grassator</strong></span> 
     </span>
     <span class='ocr_line' id='line_1_19' title="bbox 465 2175 2650 2261; baseline 0.003 -27"><span class='ocrx_word' id='word_1_161' title='bbox 465 2175 567 2237; x_wconf 84' lang='lat' dir='ltr'><strong>ille</strong></span> <span class='ocrx_word' id='word_1_162' title='bbox 606 2176 761 2238; x_wconf 89' lang='lat' dir='ltr'><strong>idem</strong></span> <span class='ocrx_word' id='word_1_163' title='bbox 822 2178 982 2251; x_wconf 81' lang='lat' dir='ltr'><strong>fecit,</strong></span> <span class='ocrx_word' id='word_1_164' title='bbox 1035 2180 1197 2261; x_wconf 88' lang='lat' dir='ltr'><strong>quod</strong></span> <span class='ocrx_word' id='word_1_165' title='bbox 1248 2181 1523 2241; x_wconf 84' lang='lat' dir='ltr'><strong>civilibus</strong></span> <span class='ocrx_word' id='word_1_166' title='bbox 1580 2181 1640 2239; x_wconf 92' lang='lat' dir='ltr'><strong>in</strong></span> <span class='ocrx_word' id='word_1_167' title='bbox 1690 2181 1863 2241; x_wconf 88' lang='lat' dir='ltr'><strong>rebus</strong></span> <span class='ocrx_word' id='word_1_168' title='bbox 1911 2180 2172 2257; x_wconf 86' lang='lat' dir='ltr'><strong>plurimis</strong></span> <span class='ocrx_word' id='word_1_169' title='bbox 2215 2180 2650 2241; x_wconf 81' lang='lat' dir='ltr'><strong>consuevimus.</strong></span> 
     </span>
     <span class='ocr_line' id='line_1_20' title="bbox 468 2272 2652 2357; baseline 0.004 -26"><span class='ocrx_word' id='word_1_170' title='bbox 468 2272 537 2331; x_wconf 86' lang='lat' dir='ltr'><strong>In</strong></span> <span class='ocrx_word' id='word_1_171' title='bbox 568 2274 831 2333; x_wconf 88' lang='lat' dir='ltr'><strong>oratione</strong></span> <span class='ocrx_word' id='word_1_172' title='bbox 856 2274 1003 2353; x_wconf 83' lang='lat' dir='ltr'><strong>ipsa,</strong></span> <span class='ocrx_word' id='word_1_173' title='bbox 1032 2286 1099 2334; x_wconf 91' lang='lat' dir='ltr'><strong>ut</strong></span> <span class='ocrx_word' id='word_1_174' title='bbox 1122 2276 1423 2357; x_wconf 88' lang='lat' dir='ltr'><strong>principiis</strong></span> <span class='ocrx_word' id='word_1_175' title='bbox 1448 2275 1644 2355; x_wconf 83' lang='lat' dir='ltr'><strong>gravis</strong></span> <span class='ocrx_word' id='word_1_176' title='bbox 1673 2294 1743 2335; x_wconf 89' lang='lat' dir='ltr'><strong>ac</strong></span> <span class='ocrx_word' id='word_1_177' title='bbox 1765 2274 1973 2335; x_wconf 87' lang='lat' dir='ltr'><strong>sedata</strong></span> <span class='ocrx_word' id='word_1_178' title='bbox 2001 2276 2100 2347; x_wconf 80' lang='lat' dir='ltr'><strong>sit,</strong></span> <span class='ocrx_word' id='word_1_179' title='bbox 2127 2294 2388 2355; x_wconf 86' lang='lat' dir='ltr'><strong>pugnam</strong></span> <span class='ocrx_word' id='word_1_180' title='bbox 2415 2296 2652 2356; x_wconf 87' lang='lat' dir='ltr'><strong>quoque</strong></span> 
     </span>
     <span class='ocr_line' id='line_1_21' title="bbox 466 2370 2651 2450; baseline 0.003 -22"><span class='ocrx_word' id='word_1_181' title='bbox 466 2370 699 2429; x_wconf 84' lang='lat' dir='ltr'><strong>cautius</strong></span> <span class='ocrx_word' id='word_1_182' title='bbox 730 2370 1145 2450; x_wconf 82' lang='lat' dir='ltr'><strong>aggredimur:</strong></span> <span class='ocrx_word' id='word_1_183' title='bbox 1188 2381 1313 2431; x_wconf 85' lang='lat' dir='ltr'><strong>tum</strong></span> <span class='ocrx_word' id='word_1_184' title='bbox 1360 2371 1465 2432; x_wconf 87' lang='lat' dir='ltr'><strong>illa</strong></span> <span class='ocrx_word' id='word_1_185' title='bbox 1489 2373 1736 2432; x_wconf 88' lang='lat' dir='ltr'><strong>incitatu</strong></span> <span class='ocrx_word' id='word_1_186' title='bbox 1765 2370 2128 2432; x_wconf 81' lang='lat' dir='ltr'><strong>effervescit:</strong></span> <span class='ocrx_word' id='word_1_187' title='bbox 2190 2371 2276 2431; x_wconf 89' lang='lat' dir='ltr'><strong>sic</strong></span> <span class='ocrx_word' id='word_1_188' title='bbox 2313 2370 2391 2430; x_wconf 87' lang='lat' dir='ltr'><strong>ad</strong></span> <span class='ocrx_word' id='word_1_189' title='bbox 2433 2371 2651 2434; x_wconf 84' lang='lat' dir='ltr'><strong>saltum</strong></span> 
     </span>
     <span class='ocr_line' id='line_1_22' title="bbox 468 2464 2650 2547; baseline 0.003 -25"><span class='ocrx_word' id='word_1_190' title='bbox 468 2464 567 2523; x_wconf 90' lang='lat' dir='ltr'><strong>ubi</strong></span> <span class='ocrx_word' id='word_1_191' title='bbox 612 2484 1021 2534; x_wconf 84' lang='lat' dir='ltr'><strong>comparamus</strong></span> <span class='ocrx_word' id='word_1_192' title='bbox 1066 2486 1199 2539; x_wconf 89' lang='lat' dir='ltr'><strong>nos,</strong></span> <span class='ocrx_word' id='word_1_193' title='bbox 1247 2467 1457 2527; x_wconf 79' lang='lat' dir='ltr'><strong>fortius</strong></span> <span class='ocrx_word' id='word_1_194' title='bbox 1498 2465 1713 2546; x_wconf 86' lang='lat' dir='ltr'><strong>pedem</strong></span> <span class='ocrx_word' id='word_1_195' title='bbox 1749 2467 2004 2547; x_wconf 84' lang='lat' dir='ltr'><strong>figimus,</strong></span> <span class='ocrx_word' id='word_1_196' title='bbox 2051 2477 2120 2526; x_wconf 88' lang='lat' dir='ltr'><strong>ut</strong></span> <span class='ocrx_word' id='word_1_197' title='bbox 2165 2468 2422 2528; x_wconf 79' lang='lat' dir='ltr'><strong>statariae</strong></span> <span class='ocrx_word' id='word_1_198' title='bbox 2471 2488 2650 2529; x_wconf 77' lang='lat' dir='ltr'><strong>moroe</strong></span> 
     </span>
     <span class='ocr_line' id='line_1_23' title="bbox 470 2560 2650 2651; baseline 0.002 -32"><span class='ocrx_word' id='word_1_199' title='bbox 470 2560 749 2640; x_wconf 89' lang='lat' dir='ltr'><strong>majorem</strong></span> <span class='ocrx_word' id='word_1_200' title='bbox 776 2563 1057 2643; x_wconf 89' lang='lat' dir='ltr'><strong>impetum</strong></span> <span class='ocrx_word' id='word_1_201' title='bbox 1086 2564 1488 2651; x_wconf 71' lang='lat' dir='ltr'><strong>subjiciamus.</strong></span> <span class='ocrx_word' id='word_1_202' title='bbox 1552 2564 1652 2624; x_wconf 89' lang='lat' dir='ltr'><strong>Sic</strong></span> <span class='ocrx_word' id='word_1_203' title='bbox 1683 2563 2051 2635; x_wconf 81' lang='lat' dir='ltr'><strong>Aristoteles,</strong></span> <span class='ocrx_word' id='word_1_204' title='bbox 2077 2564 2339 2624; x_wconf 89' lang='lat' dir='ltr'><strong>omnium</strong></span> <span class='ocrx_word' id='word_1_205' title='bbox 2365 2565 2650 2624; x_wconf 87' lang='lat' dir='ltr'><strong>bonarum</strong></span> 
     </span>
     <span class='ocr_line' id='line_1_24' title="bbox 467 2657 2652 2741; baseline 0.002 -25"><span class='ocrx_word' id='word_1_206' title='bbox 467 2657 683 2717; x_wconf 89' lang='lat' dir='ltr'><strong>artium</strong></span> <span class='ocrx_word' id='word_1_207' title='bbox 712 2658 1009 2734; x_wconf 86' lang='lat' dir='ltr'><strong>dominus,</strong></span> <span class='ocrx_word' id='word_1_208' title='bbox 1053 2670 1278 2720; x_wconf 83' lang='lat' dir='ltr'><strong>motum</strong></span> <span class='ocrx_word' id='word_1_209' title='bbox 1306 2679 1539 2722; x_wconf 88' lang='lat' dir='ltr'><strong>omnem</strong></span> <span class='ocrx_word' id='word_1_210' title='bbox 1578 2662 1690 2721; x_wconf 86' lang='lat' dir='ltr'><strong>sub</strong></span> <span class='ocrx_word' id='word_1_211' title='bbox 1731 2661 1906 2720; x_wconf 80' lang='lat' dir='ltr'><strong>finem</strong></span> <span class='ocrx_word' id='word_1_212' title='bbox 1934 2679 2067 2721; x_wconf 84' lang='lat' dir='ltr'><strong>esse</strong></span> <span class='ocrx_word' id='word_1_213' title='bbox 2096 2659 2363 2741; x_wconf 87' lang='lat' dir='ltr'><strong>probavit</strong></span> <span class='ocrx_word' id='word_1_214' title='bbox 2389 2662 2652 2721; x_wconf 87' lang='lat' dir='ltr'><strong>concita·</strong></span> 
     </span>
     <span class='ocr_line' id='line_1_25' title="bbox 466 2752 2642 2836; baseline 0.003 -26"><span class='ocrx_word' id='word_1_215' title='bbox 466 2752 691 2815; x_wconf 77' lang='lat' dir='ltr'><strong>tior-em.</strong></span> <span class='ocrx_word' id='word_1_216' title='bbox 776 2756 870 2816; x_wconf 90' lang='lat' dir='ltr'><strong>Ita</strong></span> <span class='ocrx_word' id='word_1_217' title='bbox 895 2757 1200 2835; x_wconf 88' lang='lat' dir='ltr'><strong>proposito</strong></span> <span class='ocrx_word' id='word_1_218' title='bbox 1227 2756 1533 2836; x_wconf 78' lang='lat' dir='ltr'><strong>spondaeo,</strong></span> <span class='ocrx_word' id='word_1_219' title='bbox 1561 2766 1624 2816; x_wconf 90' lang='lat' dir='ltr'><strong>et</strong></span> <span class='ocrx_word' id='word_1_220' title='bbox 1651 2755 1864 2831; x_wconf 91' lang='lat' dir='ltr'><strong>iambo,</strong></span> <span class='ocrx_word' id='word_1_221' title='bbox 1893 2756 2078 2815; x_wconf 88' lang='lat' dir='ltr'><strong>satius</strong></span> <span class='ocrx_word' id='word_1_222' title='bbox 2099 2755 2210 2816; x_wconf 82' lang='lat' dir='ltr'><strong>fuit</strong></span> <span class='ocrx_word' id='word_1_223' title='bbox 2237 2757 2312 2815; x_wconf 89' lang='lat' dir='ltr'><strong>ab</strong></span> <span class='ocrx_word' id='word_1_224' title='bbox 2337 2756 2452 2817; x_wconf 89' lang='lat' dir='ltr'><strong>hoc</strong></span> <span class='ocrx_word' id='word_1_225' title='bbox 2480 2752 2642 2817; x_wconf 85' lang='lat' dir='ltr'><strong>illum</strong></span> 
     </span>
     <span class='ocr_line' id='line_1_26' title="bbox 466 2846 2651 2929; baseline 0.001 -20"><span class='ocrx_word' id='word_1_226' title='bbox 466 2850 678 2929; x_wconf 82' lang='lat' dir='ltr'><strong>excipi.</strong></span> <span class='ocrx_word' id='word_1_227' title='bbox 788 2852 1083 2912; x_wconf 65' lang='lat' dir='ltr'><strong>Praeterea</strong></span> <span class='ocrx_word' id='word_1_228' title='bbox 1126 2846 1532 2913; x_wconf 81' lang='lat' dir='ltr'><strong>recentissima</strong></span> <span class='ocrx_word' id='word_1_229' title='bbox 1581 2870 1816 2929; x_wconf 87' lang='lat' dir='ltr'><strong>quaque</strong></span> <span class='ocrx_word' id='word_1_230' title='bbox 1873 2851 2151 2911; x_wconf 87' lang='lat' dir='ltr'><strong>memoria</strong></span> <span class='ocrx_word' id='word_1_231' title='bbox 2207 2852 2327 2910; x_wconf 83' lang='lat' dir='ltr'><strong>fere</strong></span> <span class='ocrx_word' id='word_1_232' title='bbox 2381 2851 2651 2911; x_wconf 89' lang='lat' dir='ltr'><strong>metimur</strong></span> 
     </span>
     <span class='ocr_line' id='line_1_27' title="bbox 465 2945 2650 3029; baseline 0.002 -26"><span class='ocrx_word' id='word_1_233' title='bbox 465 2945 624 3026; x_wconf 86' lang='lat' dir='ltr'><strong>ipsas</strong></span> <span class='ocrx_word' id='word_1_234' title='bbox 648 2967 777 3006; x_wconf 88' lang='lat' dir='ltr'><strong>res:</strong></span> <span class='ocrx_word' id='word_1_235' title='bbox 820 2967 1001 3025; x_wconf 90' lang='lat' dir='ltr'><strong>quare</strong></span> <span class='ocrx_word' id='word_1_236' title='bbox 1040 2948 1347 3026; x_wconf 82' lang='lat' dir='ltr'><strong>assignata</strong></span> <span class='ocrx_word' id='word_1_237' title='bbox 1388 2948 1577 3029; x_wconf 87' lang='lat' dir='ltr'><strong>prima</strong></span> <span class='ocrx_word' id='word_1_238' title='bbox 1618 2946 1761 3007; x_wconf 87' lang='lat' dir='ltr'><strong>sede</strong></span> <span class='ocrx_word' id='word_1_239' title='bbox 1804 2947 2127 3018; x_wconf 88' lang='lat' dir='ltr'><strong>trochaico,</strong></span> <span class='ocrx_word' id='word_1_240' title='bbox 2171 2946 2378 3007; x_wconf 88' lang='lat' dir='ltr'><strong>ultima</strong></span> <span class='ocrx_word' id='word_1_241' title='bbox 2413 2966 2650 3025; x_wconf 90' lang='lat' dir='ltr'><strong>qnoque</strong></span> 
     </span>
     <span class='ocr_line' id='line_1_28' title="bbox 466 3040 2654 3121; baseline 0 -20"><span class='ocrx_word' id='word_1_242' title='bbox 466 3042 801 3102; x_wconf 87' lang='lat' dir='ltr'><strong>necessario</strong></span> <span class='ocrx_word' id='word_1_243' title='bbox 829 3042 1091 3103; x_wconf 79' lang='lat' dir='ltr'><strong>trochaeo</strong></span> <span class='ocrx_word' id='word_1_244' title='bbox 1141 3044 1359 3101; x_wconf 83' lang='lat' dir='ltr'><strong>finitur.</strong></span> <span class='ocrx_word' id='word_1_245' title='bbox 1442 3041 1595 3109; x_wconf 79' lang='lat' dir='ltr'><strong>Quae</strong></span> <span class='ocrx_word' id='word_1_246' title='bbox 1643 3041 1837 3111; x_wconf 87' lang='lat' dir='ltr'><strong>sedes,</strong></span> <span class='ocrx_word' id='word_1_247' title='bbox 1879 3043 2127 3121; x_wconf 87' lang='lat' dir='ltr'><strong>primam</strong></span> <span class='ocrx_word' id='word_1_248' title='bbox 2176 3040 2333 3113; x_wconf 83' lang='lat' dir='ltr'><strong>dico,</strong></span> <span class='ocrx_word' id='word_1_249' title='bbox 2382 3043 2434 3101; x_wconf 90' lang='lat' dir='ltr'><strong>si</strong></span> <span class='ocrx_word' id='word_1_250' title='bbox 2477 3042 2654 3101; x_wconf 85' lang='lat' dir='ltr'><strong>iambi</strong></span> 
     </span>
     <span class='ocr_line' id='line_1_29' title="bbox 466 3126 2651 3211; baseline 0 -14"><span class='ocrx_word' id='word_1_251' title='bbox 466 3137 695 3211; x_wconf 84' lang='lat' dir='ltr'><strong>fuisset,</strong></span> <span class='ocrx_word' id='word_1_252' title='bbox 724 3139 785 3197; x_wconf 90' lang='lat' dir='ltr'><strong>in</strong></span> <span class='ocrx_word' id='word_1_253' title='bbox 812 3139 1021 3201; x_wconf 88' lang='lat' dir='ltr'><strong>ultima</strong></span> <span class='ocrx_word' id='word_1_254' title='bbox 1046 3141 1301 3200; x_wconf 88' lang='lat' dir='ltr'><strong>iambum</strong></span> <span class='ocrx_word' id='word_1_255' title='bbox 1333 3138 1557 3198; x_wconf 88' lang='lat' dir='ltr'><strong>nullum</strong></span> <span class='ocrx_word' id='word_1_256' title='bbox 1585 3139 1969 3197; x_wconf 87' lang='lat' dir='ltr'><strong>haberemus:</strong></span> <span class='ocrx_word' id='word_1_257' title='bbox 2014 3156 2194 3209; x_wconf 91' lang='lat' dir='ltr'><strong>nunc,</strong></span> <span class='ocrx_word' id='word_1_258' title='bbox 2230 3126 2298 3195; x_wconf 79' lang='lat' dir='ltr'><strong>ut</strong></span> <span class='ocrx_word' id='word_1_259' title='bbox 2330 3138 2391 3195; x_wconf 89' lang='lat' dir='ltr'><strong>in</strong></span> <span class='ocrx_word' id='word_1_260' title='bbox 2438 3156 2510 3197; x_wconf 89' lang='lat' dir='ltr'><strong>ea</strong></span> <span class='ocrx_word' id='word_1_261' title='bbox 2551 3136 2651 3197; x_wconf 89' lang='lat' dir='ltr'><strong>ille</strong></span> 
     </span>
     <span class='ocr_line' id='line_1_30' title="bbox 465 3232 2649 3315; baseline -0.001 -21"><span class='ocrx_word' id='word_1_262' title='bbox 465 3232 563 3307; x_wconf 88' lang='lat' dir='ltr'><strong>sit,</strong></span> <span class='ocrx_word' id='word_1_263' title='bbox 608 3253 782 3315; x_wconf 87' lang='lat' dir='ltr'><strong>pares</strong></span> <span class='ocrx_word' id='word_1_264' title='bbox 827 3236 1003 3298; x_wconf 88' lang='lat' dir='ltr'><strong>sedes</strong></span> <span class='ocrx_word' id='word_1_265' title='bbox 1051 3237 1135 3297; x_wconf 90' lang='lat' dir='ltr'><strong>illi</strong></span> <span class='ocrx_word' id='word_1_266' title='bbox 1190 3235 1579 3298; x_wconf 79' lang='lat' dir='ltr'><strong>attribuendae</strong></span> <span class='ocrx_word' id='word_1_267' title='bbox 1626 3236 1826 3296; x_wconf 87' lang='lat' dir='ltr'><strong>fuere:</strong></span> <span class='ocrx_word' id='word_1_268' title='bbox 1903 3244 1972 3293; x_wconf 88' lang='lat' dir='ltr'><strong>ut</strong></span> <span class='ocrx_word' id='word_1_269' title='bbox 2020 3232 2424 3293; x_wconf 80' lang='lat' dir='ltr'><strong>recentissimo</strong></span> <span class='ocrx_word' id='word_1_270' title='bbox 2481 3252 2649 3306; x_wconf 80' lang='lat' dir='ltr'><strong>sono,</strong></span> 
     </span>
     <span class='ocr_line' id='line_1_31' title="bbox 464 3324 2652 3413; baseline -0.001 -21"><span class='ocrx_word' id='word_1_271' title='bbox 464 3332 678 3412; x_wconf 87' lang='lat' dir='ltr'><strong>quippe</strong></span> <span class='ocrx_word' id='word_1_272' title='bbox 702 3334 1043 3407; x_wconf 77' lang='lat' dir='ltr'><strong>novissimO,</strong></span> <span class='ocrx_word' id='word_1_273' title='bbox 1072 3353 1241 3393; x_wconf 87' lang='lat' dir='ltr'><strong>aures</strong></span> <span class='ocrx_word' id='word_1_274' title='bbox 1263 3342 1660 3413; x_wconf 87' lang='lat' dir='ltr'><strong>spectatorum</strong></span> <span class='ocrx_word' id='word_1_275' title='bbox 1677 3340 2048 3410; x_wconf 88' lang='lat' dir='ltr'><strong>caperentur.</strong></span> <span class='ocrx_word' id='word_1_276' title='bbox 2105 3329 2255 3397; x_wconf 77' lang='lat' dir='ltr'><strong>Quae</strong></span> <span class='ocrx_word' id='word_1_277' title='bbox 2277 3324 2652 3391; x_wconf 72' lang='lat' dir='ltr'><strong>de&#39;universa</strong></span> 
     </span>
     <span class='ocr_line' id='line_1_32' title="bbox 468 3425 2648 3510; baseline 0 -24"><span class='ocrx_word' id='word_1_278' title='bbox 468 3448 532 3487; x_wconf 89' lang='lat' dir='ltr'><strong>re</strong></span> <span class='ocrx_word' id='word_1_279' title='bbox 560 3428 817 3490; x_wconf 87' lang='lat' dir='ltr'><strong>dicenda</strong></span> <span class='ocrx_word' id='word_1_280' title='bbox 843 3442 1031 3503; x_wconf 88' lang='lat' dir='ltr'><strong>erant,</strong></span> <span class='ocrx_word' id='word_1_281' title='bbox 1060 3431 1179 3491; x_wconf 82' lang='lat' dir='ltr'><strong>fere</strong></span> <span class='ocrx_word' id='word_1_282' title='bbox 1214 3431 1420 3502; x_wconf 88' lang='lat' dir='ltr'><strong>habes,</strong></span> <span class='ocrx_word' id='word_1_283' title='bbox 1450 3429 1653 3510; x_wconf 80' lang='lat' dir='ltr'><strong>Sylvi:</strong></span> <span class='ocrx_word' id='word_1_284' title='bbox 1715 3446 1896 3506; x_wconf 88' lang='lat' dir='ltr'><strong>quare</strong></span> <span class='ocrx_word' id='word_1_285' title='bbox 1937 3425 2218 3504; x_wconf 82' lang='lat' dir='ltr'><strong>deinceps</strong></span> <span class='ocrx_word' id='word_1_286' title='bbox 2265 3425 2342 3485; x_wconf 89' lang='lat' dir='ltr'><strong>ad</strong></span> <span class='ocrx_word' id='word_1_287' title='bbox 2392 3445 2484 3497; x_wconf 85' lang='lat' dir='ltr'><strong>ea,</strong></span> <span class='ocrx_word' id='word_1_288' title='bbox 2513 3445 2648 3505; x_wconf 81' lang='lat' dir='ltr'><strong>quse</strong></span> 
     </span>
     <span class='ocr_line' id='line_1_33' title="bbox 464 3522 2649 3606; baseline 0 -23"><span class='ocrx_word' id='word_1_289' title='bbox 464 3524 856 3606; x_wconf 87' lang='lat' dir='ltr'><strong>particulatim</strong></span> <span class='ocrx_word' id='word_1_290' title='bbox 909 3527 1325 3589; x_wconf 80' lang='lat' dir='ltr'><strong>animadversa</strong></span> <span class='ocrx_word' id='word_1_291' title='bbox 1366 3536 1526 3598; x_wconf 89' lang='lat' dir='ltr'><strong>sunt,</strong></span> <span class='ocrx_word' id='word_1_292' title='bbox 1574 3523 2029 3585; x_wconf 84' lang='lat' dir='ltr'><strong>descendamus.</strong></span> <span class='ocrx_word' id='word_1_293' title='bbox 2110 3522 2304 3602; x_wconf 86' lang='lat' dir='ltr'><strong>Atque</strong></span> <span class='ocrx_word' id='word_1_294' title='bbox 2354 3522 2649 3601; x_wconf 87' lang='lat' dir='ltr'><strong>equidem,</strong></span> 
     </span>
     <span class='ocr_line' id='line_1_34' title="bbox 470 3616 2648 3697; baseline -0 -18"><span class='ocrx_word' id='word_1_295' title='bbox 470 3631 541 3680; x_wconf 88' lang='lat' dir='ltr'><strong>ut</strong></span> <span class='ocrx_word' id='word_1_296' title='bbox 566 3640 697 3681; x_wconf 87' lang='lat' dir='ltr'><strong>sese</strong></span> <span class='ocrx_word' id='word_1_297' title='bbox 728 3622 993 3693; x_wconf 84' lang='lat' dir='ltr'><strong>offerent,</strong></span> <span class='ocrx_word' id='word_1_298' title='bbox 1022 3624 1106 3683; x_wconf 80' lang='lat' dir='ltr'><strong>ita</strong></span> <span class='ocrx_word' id='word_1_299' title='bbox 1132 3644 1204 3685; x_wconf 90' lang='lat' dir='ltr'><strong>ea</strong></span> <span class='ocrx_word' id='word_1_300' title='bbox 1230 3622 1579 3684; x_wconf 87' lang='lat' dir='ltr'><strong>describam.</strong></span> <span class='ocrx_word' id='word_1_301' title='bbox 1667 3620 1759 3680; x_wconf 90' lang='lat' dir='ltr'><strong>Sit</strong></span> <span class='ocrx_word' id='word_1_302' title='bbox 1799 3638 1940 3697; x_wconf 86' lang='lat' dir='ltr'><strong>ergo</strong></span> <span class='ocrx_word' id='word_1_303' title='bbox 1967 3616 2129 3697; x_wconf 89' lang='lat' dir='ltr'><strong>quod</strong></span> <span class='ocrx_word' id='word_1_304' title='bbox 2170 3616 2338 3679; x_wconf 82' lang='lat' dir='ltr'><strong>affert</strong></span> <span class='ocrx_word' id='word_1_305' title='bbox 2361 3617 2438 3679; x_wconf 91' lang='lat' dir='ltr'><strong>ab</strong></span> <span class='ocrx_word' id='word_1_306' title='bbox 2467 3618 2648 3678; x_wconf 87' lang='lat' dir='ltr'><strong>Adel-</strong></span> 
     </span>
     <span class='ocr_line' id='line_1_35' title="bbox 466 3713 2649 3798; baseline -0.001 -23"><span class='ocrx_word' id='word_1_307' title='bbox 466 3715 644 3796; x_wconf 86' lang='lat' dir='ltr'><strong>pbico</strong></span> <span class='ocrx_word' id='word_1_308' title='bbox 674 3735 878 3776; x_wconf 82' lang='lat' dir='ltr'><strong>versu:</strong></span> <span class='ocrx_word' id='word_1_309' title='bbox 921 3726 937 3752; x_wconf 91' lang='lat'>‘</span> <span class='ocrx_word' id='word_1_310' title='bbox 959 3718 1116 3786; x_wconf 87' lang='lat' dir='ltr'><strong>Quid</strong></span> <span class='ocrx_word' id='word_1_311' title='bbox 1142 3720 1192 3779; x_wconf 92' lang='lat' dir='ltr'><strong>is</strong></span> <span class='ocrx_word' id='word_1_312' title='bbox 1220 3718 1403 3780; x_wconf 69' lang='lat' dir='ltr'><strong>fecit?</strong></span> <span class='ocrx_word' id='word_1_313' title='bbox 1442 3717 1584 3798; x_wconf 90' lang='lat' dir='ltr'><strong>quid</strong></span> <span class='ocrx_word' id='word_1_314' title='bbox 1614 3717 1714 3775; x_wconf 84' lang='lat' dir='ltr'><strong>ine</strong></span> <span class='ocrx_word' id='word_1_315' title='bbox 1739 3713 1990 3776; x_wconf 70' lang='lat' dir='ltr'><strong>fecerit?</strong></span> <span class='ocrx_word' id='word_1_316' title='bbox 2018 3733 2192 3794; x_wconf 88' lang='lat' dir='ltr'><strong>quem</strong></span> <span class='ocrx_word' id='word_1_317' title='bbox 2216 3734 2407 3792; x_wconf 89' lang='lat' dir='ltr'><strong>neque</strong></span> <span class='ocrx_word' id='word_1_318' title='bbox 2425 3714 2649 3793; x_wconf 87' lang='lat' dir='ltr'><strong>pudet.’</strong></span> 
     </span>
     <span class='ocr_line' id='line_1_36' title="bbox 469 3808 2648 3892; baseline -0.002 -21"><span class='ocrx_word' id='word_1_319' title='bbox 469 3813 623 3871; x_wconf 91' lang='lat' dir='ltr'><strong>Cum</strong></span> <span class='ocrx_word' id='word_1_320' title='bbox 640 3812 797 3871; x_wconf 88' lang='lat' dir='ltr'><strong>enim</strong></span> <span class='ocrx_word' id='word_1_321' title='bbox 826 3826 1177 3892; x_wconf 80' lang='lat' dir='ltr'><strong>agnosceret</strong></span> <span class='ocrx_word' id='word_1_322' title='bbox 1204 3815 1515 3883; x_wconf 85' lang='lat' dir='ltr'><strong>senarium,</strong></span> <span class='ocrx_word' id='word_1_323' title='bbox 1566 3829 1758 3891; x_wconf 88' lang='lat' dir='ltr'><strong>neque</strong></span> <span class='ocrx_word' id='word_1_324' title='bbox 1801 3812 2084 3871; x_wconf 88' lang='lat' dir='ltr'><strong>rationem</strong></span> <span class='ocrx_word' id='word_1_325' title='bbox 2132 3810 2276 3870; x_wconf 87' lang='lat' dir='ltr'><strong>inire</strong></span> <span class='ocrx_word' id='word_1_326' title='bbox 2325 3819 2531 3890; x_wconf 80' lang='lat' dir='ltr'><strong>posset</strong></span> <span class='ocrx_word' id='word_1_327' title='bbox 2555 3808 2648 3869; x_wconf 88' lang='lat' dir='ltr'><strong>di-</strong></span> 
     </span>
     <span class='ocr_line' id='line_1_37' title="bbox 466 3904 2646 3987; baseline -0.003 -17"><span class='ocrx_word' id='word_1_328' title='bbox 466 3909 859 3983; x_wconf 87' lang='lat' dir='ltr'><strong>mensionum,</strong></span> <span class='ocrx_word' id='word_1_329' title='bbox 900 3908 1146 3969; x_wconf 82' lang='lat' dir='ltr'><strong>abstulit</strong></span> <span class='ocrx_word' id='word_1_330' title='bbox 1188 3910 1427 3970; x_wconf 89' lang='lat' dir='ltr'><strong>alteram</strong></span> <span class='ocrx_word' id='word_1_331' title='bbox 1474 3928 1547 3967; x_wconf 84' lang='lat' dir='ltr'><strong>ex</strong></span> <span class='ocrx_word' id='word_1_332' title='bbox 1594 3906 1832 3987; x_wconf 88' lang='lat' dir='ltr'><strong>liquidis</strong></span> <span class='ocrx_word' id='word_1_333' title='bbox 1880 3907 1940 3966; x_wconf 89' lang='lat' dir='ltr'><strong>in</strong></span> <span class='ocrx_word' id='word_1_334' title='bbox 1986 3905 2348 3985; x_wconf 90' lang='lat' dir='ltr'><strong>pronomine,</strong></span> <span class='ocrx_word' id='word_1_335' title='bbox 2391 3904 2526 3964; x_wconf 88' lang='lat' dir='ltr'><strong>ille:</strong></span> <span class='ocrx_word' id='word_1_336' title='bbox 2583 3904 2646 3965; x_wconf 88' lang='lat' dir='ltr'><strong>id</strong></span> 
     </span>
     <span class='ocr_line' id='line_1_38' title="bbox 464 3998 2642 4086; baseline -0.001 -22"><span class='ocrx_word' id='word_1_337' title='bbox 464 4004 625 4085; x_wconf 90' lang='lat' dir='ltr'><strong>quod</strong></span> <span class='ocrx_word' id='word_1_338' title='bbox 656 4017 724 4065; x_wconf 87' lang='lat' dir='ltr'><strong>ut</strong></span> <span class='ocrx_word' id='word_1_339' title='bbox 766 4024 877 4085; x_wconf 84' lang='lat' dir='ltr'><strong>ego</strong></span> <span class='ocrx_word' id='word_1_340' title='bbox 904 3998 1142 4086; x_wconf 80' lang='lat' dir='ltr'><strong>quoque</strong></span> <span class='ocrx_word' id='word_1_341' title='bbox 1171 4006 1377 4079; x_wconf 80' lang='lat' dir='ltr'><strong>fateor,</strong></span> <span class='ocrx_word' id='word_1_342' title='bbox 1422 4016 1483 4067; x_wconf 90' lang='lat' dir='ltr'><strong>et</strong></span> <span class='ocrx_word' id='word_1_343' title='bbox 1509 4024 1707 4086; x_wconf 85' lang='lat' dir='ltr'><strong>posse,</strong></span> <span class='ocrx_word' id='word_1_344' title='bbox 1757 4016 1820 4064; x_wconf 88' lang='lat' dir='ltr'><strong>et</strong></span> <span class='ocrx_word' id='word_1_345' title='bbox 1847 4003 2038 4064; x_wconf 89' lang='lat' dir='ltr'><strong>solere</strong></span> <span class='ocrx_word' id='word_1_346' title='bbox 2065 4003 2229 4063; x_wconf 85' lang='lat' dir='ltr'><strong>fieri:</strong></span> <span class='ocrx_word' id='word_1_347' title='bbox 2290 4002 2374 4060; x_wconf 89' lang='lat' dir='ltr'><strong>ita</strong></span> <span class='ocrx_word' id='word_1_348' title='bbox 2400 3999 2494 4059; x_wconf 90' lang='lat' dir='ltr'><strong>hic</strong></span> <span class='ocrx_word' id='word_1_349' title='bbox 2523 3999 2642 4061; x_wconf 92' lang='lat' dir='ltr'><strong>duo</strong></span> 
     </span>
     <span class='ocr_line' id='line_1_39' title="bbox 462 4095 2643 4180; baseline -0 -22"><span class='ocrx_word' id='word_1_350' title='bbox 462 4099 617 4160; x_wconf 79' lang='lat' dir='ltr'><strong>dico,</strong></span> <span class='ocrx_word' id='word_1_351' title='bbox 700 4100 983 4173; x_wconf 88' lang='lat' dir='ltr'><strong>Primum,</strong></span> <span class='ocrx_word' id='word_1_352' title='bbox 1012 4102 1086 4162; x_wconf 89' lang='lat' dir='ltr'><strong>ab</strong></span> <span class='ocrx_word' id='word_1_353' title='bbox 1114 4120 1185 4161; x_wconf 90' lang='lat' dir='ltr'><strong>eo</strong></span> <span class='ocrx_word' id='word_1_354' title='bbox 1230 4104 1504 4163; x_wconf 87' lang='lat' dir='ltr'><strong>creticum</strong></span> <span class='ocrx_word' id='word_1_355' title='bbox 1550 4110 1763 4180; x_wconf 85' lang='lat' dir='ltr'><strong>quarta</strong></span> <span class='ocrx_word' id='word_1_356' title='bbox 1804 4101 1864 4159; x_wconf 91' lang='lat' dir='ltr'><strong>in</strong></span> <span class='ocrx_word' id='word_1_357' title='bbox 1893 4098 2036 4159; x_wconf 82' lang='lat' dir='ltr'><strong>sede</strong></span> <span class='ocrx_word' id='word_1_358' title='bbox 2065 4116 2196 4157; x_wconf 88' lang='lat' dir='ltr'><strong>esse</strong></span> <span class='ocrx_word' id='word_1_359' title='bbox 2223 4095 2643 4157; x_wconf 86' lang='lat' dir='ltr'><strong>constitutum:</strong></span> 
     </span>
     <span class='ocr_line' id='line_1_40' title="bbox 464 4192 2644 4277; baseline -0.001 -23"><span class='ocrx_word' id='word_1_360' title='bbox 464 4214 635 4275; x_wconf 85' lang='lat' dir='ltr'><strong>quem</strong></span> <span class='ocrx_word' id='word_1_361' title='bbox 666 4205 863 4257; x_wconf 90' lang='lat' dir='ltr'><strong>tamen</strong></span> <span class='ocrx_word' id='word_1_362' title='bbox 912 4197 1123 4277; x_wconf 86' lang='lat' dir='ltr'><strong>pedem</strong></span> <span class='ocrx_word' id='word_1_363' title='bbox 1167 4196 1319 4259; x_wconf 86' lang='lat' dir='ltr'><strong>adeo</strong></span> <span class='ocrx_word' id='word_1_364' title='bbox 1367 4197 1688 4267; x_wconf 77' lang='lat' dir='ltr'><strong>evitaverit,</strong></span> <span class='ocrx_word' id='word_1_365' title='bbox 1731 4206 1800 4255; x_wconf 91' lang='lat' dir='ltr'><strong>ut</strong></span> <span class='ocrx_word' id='word_1_366' title='bbox 1825 4193 2099 4255; x_wconf 81' lang='lat' dir='ltr'><strong>everterit</strong></span> <span class='ocrx_word' id='word_1_367' title='bbox 2121 4192 2327 4253; x_wconf 84' lang='lat' dir='ltr'><strong>multa.</strong></span> <span class='ocrx_word' id='word_1_368' title='bbox 2413 4192 2644 4253; x_wconf 89' lang='lat' dir='ltr'><strong>Deinde</strong></span> 
     </span>
    </p>
   </div>
  </div>
 </body>
</html>
