3234 4934
803 993 2629 1117 PROLEGOMENA..

1062 1564 1304 1630 PUB.
1377 1565 1934 1632 TERENTII
2018 1565 2283 1631 AFRI

1233 1749 1901 1803 CARTHAGINIENSIS
1940 1751 2128 1802 VITA.

1142 1939 1400 1998 Auctore
1456 1939 1612 2000 AElio
1670 1941 1909 2002 Donato
1964 1942 2038 2000 V.
2090 1939 2160 2001 C.
2186 1941 2204 1970 ⁸

585 2053 900 2135 Post-ms
916 2075 1304 2137 Tannum-rus
1323 2077 1527 2150 Arna,
1557 2077 1919 2158 Carthagine
1948 2091 2145 2151 natus,
2172 2081 2408 2140 servivit
2428 2081 2637 2142 Romoe
2656 2081 2773 2142 Te-

581 2171 771 2230 rentio
790 2171 1026 2232 Lucano
1049 2174 1337 2240 senatori:
1361 2193 1399 2233 a
1415 2193 1534 2253 quo
1551 2177 1628 2234 ob
1650 2175 1949 2253 ingenium
1967 2187 2028 2236 et
2042 2175 2308 2249 formam,
2326 2196 2444 2237 non
2462 2177 2769 2238 institutus

581 2266 761 2326 modo
788 2268 1124 2340 liberaliter,
1155 2269 1262 2330 sed
1289 2281 1352 2330 et
1375 2281 1603 2329 mature
1632 2272 2030 2330 manumissus
2058 2282 2171 2332 est.
2240 2271 2501 2342 Quidam
2528 2283 2768 2352 captum

579 2381 714 2422 esse
737 2363 1104 2430 existimant:
1137 2363 1298 2442 quod
1325 2363 1451 2422 fieri
1477 2362 1644 2423 nullo
1669 2363 1847 2424 modo
1874 2365 2159 2444 potuisse,
2194 2367 2529 2428 Fenestella
2554 2367 2765 2428 docet:

578 2479 714 2519 eum
745 2459 896 2518 inter
921 2459 1096 2517 finem
1127 2457 1374 2519 secundi
1417 2457 1558 2517 belli
1607 2456 1839 2531 Punici,
1882 2469 1943 2518 et
1988 2460 2215 2520 initium
2266 2463 2419 2521 tertii
2464 2473 2640 2523 natus
2670 2465 2766 2542 sit,

579 2563 642 2612 et
667 2562 968 2612 mortuus:
1011 2572 1142 2625 nec,
1179 2553 1230 2613 si
1258 2572 1294 2612 a
1321 2551 1597 2612 Numidis
1628 2562 1734 2612 aut
1761 2553 1996 2614 Getulis
2025 2563 2235 2635 eaptus
2265 2555 2361 2628 sit,
2403 2555 2480 2616 ad
2510 2555 2768 2618 ducem²

581 2647 913 2708 Romanum
954 2649 1252 2728 pervenire
1292 2649 1601 2728 potuisset,
1644 2649 1808 2710 nullo
1852 2653 2198 2712 commercio
2244 2651 2397 2712 inter
2438 2653 2677 2714 Italicos
2707 2665 2770 2715 et

577 2742 776 2814 Afros,
819 2745 932 2804 nisi
980 2755 1117 2825 post
1157 2744 1414 2805 deletam
1462 2743 1907 2823 Carthaginem,
1952 2756 2169 2827 coepto.
2252 2747 2368 2807 Hie
2401 2766 2536 2807 cum
2564 2749 2767 2809 multis

575 2839 868 2900 nobilibus
899 2839 1255 2901 familiariter
1281 2839 1444 2913 vixit,
1486 2840 1591 2901 sed
1623 2841 1875 2901 maxime
1904 2861 2035 2902 cum
2070 2841 2342 2922 Scipione
2372 2843 2671 2918 Africano,
2705 2855 2767 2905 et

577 2934 651 2994 C.
704 2933 926 2996 Loelio:
968 2937 1180 3016 quibus
1229 2935 1406 2996 etiam
1446 2935 1708 3015 eorporis
1752 2938 1943 3016 gratia
1982 2937 2332 2998 conciliatus
2380 2939 2765 3000 existimatur.

577 3029 755 3098 Quod
803 3041 865 3092 et
903 3033 1097 3112 ipsum
1149 3031 1482 3094 Fenestella
1528 3033 1742 3113 arg-uit,
1782 3034 2152 3096 contendens
2196 3045 2448 3115 utroque
2486 3035 2764 3116 majorem

575 3139 718 3186 natu
749 3127 953 3188 fuisse.
1038 3128 1324 3197 Quamvis
1369 3140 1432 3188 et
1473 3128 1784 3189 Cornelius
1832 3131 2031 3209 Nepos
2060 3130 2322 3208 aequales
2351 3150 2556 3191 omnes
2582 3131 2768 3192 fuisse

574 3223 794 3295 tradat,
835 3233 897 3283 et
937 3223 1171 3284 Portius
1217 3225 1610 3303 suspicionem
1656 3223 1731 3284 de
1770 3225 2201 3286 consuetudine
2231 3245 2336 3304 per
2376 3225 2507 3286 hoec
2546 3227 2765 3287 faciat:

737 3349 896 3408 Dum
925 3348 1224 3409 lasciviam
1255 3348 1536 3410 nobilium
1566 3361 1630 3411 et
1654 3351 1891 3412 fucosas
1919 3351 2126 3412 laudes
2156 3353 2339 3431 petit:

733 3444 893 3504 Dum
921 3443 1186 3504 Africani
1212 3464 1356 3505 voce
1385 3444 1584 3505 divina
1601 3449 1624 3484 ³
1654 3447 1841 3507 inhiat
1869 3446 2055 3506 avidis
2086 3447 2359 3508 auribus:

736 3539 893 3599 Dum
919 3539 996 3600 ad
1028 3540 1266 3601 Furium
1294 3561 1358 3602 se
1389 3540 1712 3603 coenitare⁴
1746 3554 1807 3603 et
1834 3543 2100 3617 Laelium,
2128 3543 2439 3622 pulchrum
2468 3557 2677 3625 putat:

737 3633 893 3693 Dum
927 3654 992 3695 se
1020 3637 1202 3695 amari
1231 3638 1305 3697 ab
1333 3637 1496 3697 hisce
1524 3638 1731 3714 credit,
1759 3641 1964 3699 crebro
1994 3639 2053 3698 in
2076 3639 2371 3701 Albanum
2400 3642 2526 3721 rapi

638 3827 666 3875 1
705 3824 808 3876 Alii
827 3827 962 3876 lianc
985 3825 1162 3878 Vitam
1188 3827 1423 3879 tribuunt
1443 3829 1625 3881 Sueto·
1716 3831 1883 3882 Vocem
1898 3833 2129 3884 divim·
2195 3833 2303 3884 Am
2320 3849 2429 3884 ωσι
2453 3834 2619 3885 ἄοικα
2632 3851 2653 3893 ,·
2674 3834 2765 3884 alii

567 3899 656 3952 nio
677 3901 994 3966 Tranquillo.
1027 3903 1179 3955 Zerna.
1702 3910 1807 3960 voci
1855 3909 2030 3958 divissa
2044 3925 2066 3969 ,-
2114 3923 2331 3975 qnorum
2382 3909 2513 3958 illud
2556 3910 2763 3974 quidem

636 3981 670 4026 2
721 3977 929 4041 Ducem]
981 3977 1241 4029 Dominam
1291 3979 1524 4032 Gronov.
1567 3988 1627 4031 ut
1706 3985 1965 4043 vitiosum,
2000 3984 2097 4034 hoc
2120 3993 2293 4036 autem
2316 3983 2621 4048 antiquioris
2657 3983 2764 4035 for-

571 4054 802 4116 postulst
819 4055 1028 4104 verbnm
1061 4058 1077 4084 ‘
1097 4055 1441 4106 commercio.’
1473 4057 1625 4106 Both.
1706 4073 1803 4108 ωε
1818 4059 2334 4122 interpretamentum
2354 4065 2450 4108 est.
2483 4059 2633 4108 Both.

629 4129 664 4176 8
707 4126 763 4177 V.
781 4129 855 4192 ὼ]
888 4129 994 4179 Alii
1027 4131 1207 4194 legunt
1226 4147 1381 4181 mm
1397 4132 1626 4196 divim,
1770 4137 1801 4182 ⁴
1839 4133 2097 4197 Cmitm]
2112 4135 2283 4197 Vulgo
2296 4131 2518 4197 uhu-pus.
2540 4135 2615 4186 ta.
2658 4135 2761 4188 Qui

569 4203 708 4269 quod
721 4203 1102 4268 preferendum
1117 4221 1228 4257 esse
1245 4207 1627 4259 videtur-zeum.
1706 4209 1797 4262 dat
1820 4209 1955 4261 Du-
1976 4224 2027 4261 se
2046 4213 2110 4260 cd
2128 4211 2331 4260 Furium
2350 4225 2548 4262 cenare.
