3234 4934
529 404 534 409 ·
609 360 738 427 174
1218 370 1648 425 ,noscamus
1694 372 2193 421 cAMERARws

605 509 898 601 corruptis
945 517 1248 599 exemplis,
1291 529 1352 577 et
1389 520 1449 578 in
1499 518 1759 577 metricae
1798 504 2169 595 nequaquam
2198 524 2408 575 exacta
2436 504 2795 595 cognitione,

609 619 754 678 nihil
800 634 1064 689 necesse,
1113 616 1206 675 vel
1251 615 1450 695 potius
1499 614 1853 673 curiositatis
1900 613 2015 673 hoc
2058 612 2253 684 fuerit,
2294 612 2415 672 otio
2442 630 2560 671 non
2592 612 2797 672 admo-

611 716 750 775 dum
779 712 1094 774 liberaliter
1121 711 1438 772 abutentis.
1523 711 1793 769 Confusa
1834 710 2095 788 quidem,
2142 709 2201 767 id
2244 718 2355 780 est,
2402 716 2797 789 συγκεχυμένα

607 817 784 889 μέτρα
810 807 1062 888 plurima
1089 826 1222 867 sese
1250 806 1503 867 offerunt
1545 806 1764 884 passim
1812 815 1934 865 tam
1981 805 2040 864 in
2094 804 2328 875 Plauto,
2378 823 2553 884 quam
2583 806 2801 865 Teren·

610 907 734 965 tio:
793 907 852 965 in
900 906 1114 985 quibus
1157 903 1384 963 iambus
1438 912 1500 962 et
1549 901 1865 972 trochaeus,
1914 913 1975 961 et
2022 900 2117 961 alii
2164 899 2347 980 pedes
2397 900 2795 980 ingredientes

606 1003 738 1063 haec
765 1013 971 1071 metra,
1013 1001 1380 1063 collocantur
1405 999 1760 1080 promiscue.
1844 997 2022 1067 Quod
2054 1008 2250 1057 autem
2280 997 2357 1057 ad
2388 1002 2711 1072 καταλήξειε
2738 1008 2800 1057 et

611 1098 1129 1179 βραχυκαταλήξω
1155 1108 1216 1157 et
1257 1098 1715 1174 ὑπερκαταλὴξεεε
1763 1097 1990 1169 attinet,
2036 1094 2112 1155 de
2159 1114 2232 1154 eo
2277 1094 2467 1174 magis
2508 1094 2800 1173 suspicari

609 1214 948 1276 possumus,
990 1214 1168 1275 quam
1211 1194 1354 1254 certi
1398 1193 1622 1273 aliquid
1668 1192 2089 1253 demonstrare.
2172 1191 2289 1259 Qui
2332 1200 2530 1250 tamen
2574 1192 2800 1270 cogita-

608 1294 772 1353 tione
797 1310 916 1351 non
947 1290 1216 1351 illiberali
1241 1290 1331 1349 his
1360 1289 1436 1349 de
1463 1292 1640 1349 rebus
1670 1307 1800 1348 sese
1831 1307 2120 1368 occupare
2140 1286 2452 1360 voluerint,
2481 1287 2520 1346 ii
2548 1289 2799 1369 primum

612 1385 690 1446 ad
735 1387 1070 1467 exemplum
1124 1385 1364 1465 aliquod
1417 1385 1701 1445 rationem
1750 1401 2122 1445 numerorum
2175 1386 2236 1444 in
2286 1385 2551 1444 versibus
2599 1384 2802 1445 confe-

615 1492 765 1553 rent,
806 1492 868 1541 et
911 1482 996 1541 ita
1043 1480 1444 1542 informabunt
1490 1481 1685 1540 animo
1729 1480 2221 1561 qualemcumque
2246 1481 2546 1541 notionem
2570 1479 2802 1543 horum.

615 1576 880 1638 Ponatur
907 1577 1082 1657 igitur
1097 1576 1234 1637 hoc.
1302 1576 1594 1637 Numeros
1615 1595 1749 1636 esse
1770 1587 1941 1656 aptos
1957 1577 2248 1656 quosdam
2272 1588 2335 1637 et
2361 1576 2803 1647 determinatos,

614 1686 678 1734 et
705 1682 1138 1734 consentaneos
1190 1691 1370 1732 sonos
1414 1672 1572 1731 vocis
1626 1670 1920 1734 humanae.
2006 1672 2088 1732 Hi
2125 1692 2262 1732 cum
2311 1672 2371 1730 in
2400 1689 2545 1732 voce
2593 1685 2807 1731 natura

614 1771 819 1844 insint,
861 1770 922 1829 in
967 1768 1232 1829 oratione
1261 1788 1499 1847 quoque
1525 1768 1725 1827 inesse
1768 1778 2020 1848 oportet.
2104 1766 2249 1841 Sed,
2293 1787 2428 1830 cum
2466 1768 2637 1828 abest
2662 1788 2807 1828 cura

615 1867 1082 1947 compositionis,
1111 1876 1173 1927 et
1197 1886 1294 1927 ars
1321 1865 1596 1946 quoedam
1626 1867 1806 1927 veluti
1846 1876 2179 1939 structurae,
2219 1864 2393 1925 facile
2432 1864 2517 1925 illi
2544 1876 2605 1925 et
2632 1864 2809 1926 dissi-

615 1976 832 2049 pantur
879 1972 940 2025 et
981 1962 1355 2023 delitescunt.
1439 1962 1637 2043 Atque
1674 1960 1790 2023 hoc
1838 1974 1933 2023 est
1958 1960 2121 2042 quod
2156 1960 2507 2022 Aristoteles
2534 1963 2809 2041 potimata

617 2070 829 2141 suapte
860 2069 1070 2141 sponte
1099 2059 1386 2133 extitisse,
1425 2070 1486 2119 et
1512 2058 1754 2120 fortuito
1781 2058 2070 2139 prodiisse
2099 2056 2201 2132 ait,
2244 2059 2369 2137 ipse
2398 2057 2808 2139 αὐτοσχεδιάσ-
2904 2140 2911 2145 ,

616 2180 772 2237 ματα
798 2170 993 2216 vocat.
1080 2154 1230 2216 Haec
1257 2155 1628 2215 concinnitas
1656 2154 1933 2234 quaedam
1969 2156 2031 2213 in
2059 2153 2329 2213 omnibus
2372 2153 2593 2231 linguis
2641 2173 2809 2231 repe-

617 2244 784 2325 ritur,
814 2252 892 2317 ad
920 2271 1097 2332 quam
1123 2252 1348 2312 aurium
1377 2250 1788 2310 observatione
1820 2248 2101 2321 adhibita,
2143 2268 2345 2308 versus
2373 2249 2583 2322 extitit,
2610 2248 2809 2310 elabo-

618 2360 782 2409 ratus
813 2348 1010 2406 studio
1059 2356 1119 2405 et
1145 2356 1269 2405 arte
1319 2344 1756 2423 ingeniosorum
1804 2356 1866 2405 et
1891 2344 2199 2405 doctorum
2238 2344 2564 2417 hominum,
2591 2354 2653 2405 et
2681 2365 2813 2425 pro·

622 2462 800 2504 cessu
829 2453 1155 2521 temporum
1181 2442 1265 2503 ita
1293 2460 1403 2501 suo
1432 2443 1679 2522 quisque
1720 2442 1779 2501 in
1810 2461 2023 2522 genere
2060 2442 2381 2521 perfectus,
2425 2450 2494 2502 ut
2520 2440 2662 2501 nihil
2688 2442 2810 2501 fieri

621 2539 954 2619 elegantius
985 2559 1176 2617 neque
1223 2537 1548 2617 pulchrius,
1599 2550 1704 2598 aut
1742 2537 1933 2617 magis
1961 2556 2240 2598 sonorum
2266 2547 2490 2618 posset.
2575 2537 2811 2599 Potest-

623 2654 740 2714 que
767 2634 842 2693 de
872 2633 1089 2693 nostris
1121 2633 1448 2706 vernaculis
1475 2632 1788 2694 cantilenis
1818 2634 1993 2693 etiarn
2034 2634 2233 2714 aliquo
2277 2634 2456 2693 modo
2502 2634 2619 2695 hoc
2667 2655 2813 2712 cog·

621 2730 811 2802 nosci,
839 2728 1174 2808 utquamvis
1221 2730 1370 2789 forte
1413 2730 1528 2789 hoc
1571 2730 1835 2809 ineptum
1866 2730 2152 2802 videatur,
2199 2731 2307 2790 sed
2334 2730 2395 2789 in
2424 2730 2639 2789 docere
2666 2729 2812 2788 fide-

621 2825 754 2885 liter
780 2826 1054 2905 cupiente
1081 2825 1226 2884 nihil
1273 2826 1556 2907 ineptum,
1605 2827 1657 2886 si
1706 2828 2079 2887 conseramus
2116 2826 2248 2887 haec
2290 2826 2581 2886 nostratia
2606 2826 2683 2885 ad
2710 2826 2815 2885 illa

624 2920 890 2989 erudita;
933 2940 1130 2981 nonne
1163 2923 1220 2981 in
1251 2922 1344 2982 his
1373 2924 1637 2985 similiter
1664 2924 2091 2995 desinentibus,
2138 2944 2275 3003 quoe
2303 2933 2567 2984 nostrum
2600 2922 2812 3001 vulgus

623 3017 927 3097 rhythmos
957 3018 1238 3101 appellat,
1268 3020 1490 3100 aliquid
1540 3020 1803 3081 iambicis
1835 3022 2078 3079 senariis
2110 3020 2296 3079 simile
2327 3017 2713 3098 agnoscitur?
2754 3029 2815 3078 et

623 3114 684 3170 in
712 3113 905 3172 modis
933 3114 1296 3186 chorearum,
1324 3116 1496 3193 quasi
1541 3116 1969 3194 anapaesticum
1995 3125 2088 3175 est
2124 3125 2185 3174 et
2232 3117 2563 3195 paeonicum
2610 3116 2813 3175 melos‚

627 3206 747 3267 Sed
776 3217 836 3266 et
863 3208 923 3265 in
955 3208 1152 3267 soluta
1172 3210 1434 3269 oratione
1452 3209 1759 3289 diligentia
1784 3230 1943 3270 nunc
1970 3212 2306 3282 multorum,
2337 3222 2610 3271 accurate
2638 3214 2815 3271 verba

625 3320 1011 3382 componens,
1056 3304 1315 3385 ῥύθμονς,
1357 3306 1456 3384 qni
1500 3315 1641 3365 sunt
1684 3306 1931 3377 numeri,
1984 3306 2185 3366 efficit.
2284 3306 2463 3367 Certo
2514 3318 2711 3366 autem
2756 3320 2817 3366 et

623 3399 802 3477 plane
849 3399 1160 3459 ostendere
1204 3402 1421 3473 omnia,
1470 3400 1532 3459 id
1575 3420 1708 3461 esse
1748 3401 2034 3480 ejusmodi
2077 3411 2222 3481 puto
2257 3414 2325 3462 ut
2378 3402 2502 3463 fieri
2539 3414 2815 3482 nequeat,

627 3494 1122 3574 quemadmodum
1162 3508 1224 3556 et
1249 3498 1306 3555 in
1338 3496 1488 3569 aliis,
1515 3516 1650 3576 quae
1676 3517 1789 3557 usu
1818 3497 2049 3575 perdita
2088 3496 2345 3570 fuerunt,
2378 3498 2727 3560 instauratio
2756 3514 2817 3560 et

627 3590 920 3652 restitutio
958 3591 1232 3651 absoluta
1259 3592 1631 3672 desperanda
1657 3603 1771 3652 est.
1856 3594 2047 3653 Citius
2075 3596 2229 3655 enim
2258 3597 2398 3656 mihi
2429 3597 2641 3676 aliquis
2669 3596 2815 3655 illud

630 3684 990 3747 Hesiodeum
1008 3688 1336 3766 plaustrum
1359 3690 1649 3769 lignorum
1669 3699 1907 3750 centum
1930 3694 2346 3763 construxerit,
2369 3712 2547 3773 quam
2574 3714 2816 3753 scenam

626 3784 744 3844 hoc
791 3794 1053 3865 tempore
1101 3785 1467 3865 explicuerit,
1511 3788 1783 3848 omnibus
1830 3790 2093 3868 partibus
2142 3800 2203 3849 et
2245 3791 2500 3849 numeris
2548 3790 2693 3861 suis,
2752 3798 2818 3848 ut

631 3879 868 3954 dicitur,
897 3880 1249 3941 absolutam.
1337 3882 1468 3943 Hoc
1497 3893 1693 3943 tamen
1724 3884 1969 3944 dubium
1999 3904 2115 3945 non
2145 3897 2257 3958 est,
2286 3886 2347 3943 in
2370 3884 2591 3963 ling-use
2620 3884 2818 3963 cujus-

629 3994 746 4054 que
763 3996 874 4037 usu
893 3976 1420 4049 communi,harum
1439 3998 1629 4040 rerum
1648 3981 1935 4040 rationem
1954 3982 2295 4054 consistere,
2316 4000 2435 4059 quo
2456 3980 2815 4041 labefactato

632 4084 736 4129 aut
765 4074 1004 4147 amisso,
1033 4072 1135 4134 illa
1161 4092 1394 4154 quoque
1437 4074 1676 4136 vacillet
1700 4088 1877 4155 atque
1904 4078 2320 4149 confundatur,
2348 4077 2444 4136 vel
2471 4078 2667 4157 potius
2696 4096 2816 4137 non

634 4167 825 4245 magis⁴
853 4178 1154 4248 appareat,
1205 4190 1450 4232 necesse
1479 4182 1591 4233 est.
1676 4172 1787 4232 Est
1812 4183 2011 4234 autem
2054 4175 2113 4233 in
2164 4176 2319 4235 omni
2366 4194 2580 4254 genere
2608 4177 2819 4235 carmi-
