3234 4934
898 414 1263 467 nunnus
1305 414 1595 465 nmusu
1649 414 2170 467 maenarum.
2541 402 2630 468 9⁷

438 572 596 647 λόγῳ
612 564 829 625 καὶτῶν
849 561 1077 639 ὁμοίων,
1098 560 1274 620 ταῦτ-6
1288 583 1361 635 γε
1378 560 1585 631 πάντα,
1600 560 1642 629 ἢ
1658 559 1801 635 τάγε
1815 563 2062 619 πλεῖστα
2083 560 2286 629 ain-fir,
2303 560 2628 621 ὑποκεῖσθαι

436 669 505 747 τῇ
524 665 765 743 ἀφελείᾳ
792 656 897 719 δεῖ.
942 654 1451 725 Quemadmodum
1480 654 1874 733 Hieronymus
1899 653 2294 717 Menandrum
2321 664 2384 714 et
2409 654 2629 715 Teren-

436 761 585 821 tium
610 776 745 819 cum
770 753 1026 815 maximo
1044 751 1273 831 judicio
1300 750 1628 831 conjungit.
1671 750 1769 813 Ad
1798 750 2112 811 Paulinum
2139 750 2338 809 enim:
2385 756 2404 783 ⁸
2424 748 2626 813 Poe'toe

438 855 786 916 aemulentur
834 850 1180 924 Homerum,
1206 846 1534 926 Virgilium,
1565 845 1980 918 Menandrum,
2026 844 2403 922 Terentium?
2469 847 2629 905 Audi

438 951 761 1014 orationem
787 946 970 1027 patris
997 944 1149 1007 irati.
1233 944 1455 1007 Heaut.
1496 944 1634 1004 Act.
1661 962 1726 1003 v,
1769 944 1962 1001 Scena
1987 946 2049 1002 4.

1158 1070 1317 1144 Non,
1346 1071 1398 1131 si
1420 1090 1495 1130 ex
1520 1068 1716 1149 capite
1739 1069 1824 1129 sis
1849 1088 1982 1130 meo

599 1175 819 1245 Natus,
846 1168 1047 1230 itidem
1075 1176 1143 1227 ut
1164 1169 1331 1228 aiunt
1351 1168 1680 1228 Minervam
1703 1185 1836 1227 esse
1855 1186 1931 1231 ex
1945 1166 1982 1227 J
1987 1184 2118 1237 ove,
2145 1184 2217 1227 ea
2235 1183 2421 1227 causa
2437 1164 2628 1243 magis

599 1271 819 1341 Patiar,
850 1262 1132 1345 Clitipho,
1158 1264 1396 1344 flagitiis
1424 1264 1544 1323 tuis
1566 1283 1662 1323 me
1688 1258 1964 1321 infamem
1993 1262 2137 1323 fieri.

438 1405 498 1457 et
524 1416 661 1477 quae
690 1400 1039 1473 sequuntur.
1129 1388 1282 1451 Audi
1308 1388 1467 1449 mitis
1495 1388 1602 1450 viri
1630 1388 1825 1468 potius
1853 1406 2032 1467 quam
2056 1388 2196 1449 boni
2220 1408 2235 1446 :

598 1506 913 1577 Ausculta,
939 1523 1015 1563 ne
1042 1522 1137 1563 me
1165 1500 1463 1561 obtundas
1491 1500 1567 1561 de
1595 1500 1708 1560 hac
1736 1520 1802 1560 re
1827 1498 2068 1581 saepius.

595 1603 787 1661 Tuum
813 1598 995 1659 filium
1023 1596 1241 1658 dedisti
1270 1595 1678 1676 adoptandum
1704 1595 1865 1655 mibi.

598 1698 659 1757 Is
686 1715 853 1757 meus
880 1706 973 1755 est
998 1694 1214 1755 factus.
1297 1692 1360 1750 Si
1387 1691 1533 1771 quid
1561 1701 1790 1771 peccat,
1819 1692 2068 1765 Demea,

594 1792 749 1853 Mihi
774 1800 983 1871 peccat
1009 1810 1025 1851 ε
1065 1807 1181 1868 ego
1208 1786 1291 1849 illi
1321 1806 1655 1847 maxumam
1682 1796 1908 1869 partem
1937 1788 2142 1849 feram.

594 1887 907 1949 Obsonat?
947 1884 1155 1965 potat?
1197 1884 1319 1947 olet
1346 1882 1696 1963 unguenta?
1739 1884 1813 1943 de
1841 1903 2000 1943 meo·

595 1983 813 2045 Amat?
852 1982 1092 2043 dabitur
1118 2001 1156 2040 a
1178 2000 1277 2043 me
1306 1989 1637 2059 argentum,
1667 1978 1807 2039 dum
1835 1981 1948 2040 erit
1974 1976 2344 2039 commodum
2369 1997 2383 2035 ε

597 2078 713 2139 Ubi
739 2096 862 2137 non
891 2076 1019 2149 erit,
1046 2076 1297 2137 fortasse
1317 2073 1667 2135 excludetur
1691 2075 1872 2133 foraS.

568 2174 779 2235 'Fores
806 2171 1077 2253 effregit?
1118 2172 1515 2233 restituentur.
1601 2170 1854 2231 Discidit

597 2268 885 2331 Vestem?
926 2267 1293 2328 resarciatur.
1376 2265 1506 2338 Est,
1537 2265 1650 2325 Dis
1676 2266 1890 2345 gratia,

596 2367 673 2427 Et
699 2364 861 2427 unde
887 2364 1019 2426 haec
1048 2364 1213 2439 fiant,
1244 2373 1307 2423 et
1333 2362 1527 2435 adbuc
1554 2383 1678 2423 non
1705 2362 1958 2423 molesta
1985 2372 2145 2427 sunt.

438 2504 516 2562 Et
542 2501 741 2563 divina
767 2501 871 2563 illa
888 2522 907 2561 z

918 2613 1111 2673 Credo
1136 2612 1375 2673 hercle:
1416 2632 1554 2673 nam
1582 2610 1888 2692 ingenium
1916 2613 2051 2673 novi
2076 2623 2244 2673 tuum

598 2710 884 2771 Liberale.
968 2709 1085 2769 Sed
1113 2728 1317 2770 vereor
1344 2729 1417 2770 ne
1445 2708 1763 2788 indiligens
1799 2710 2039 2769 nimium
2065 2709 2202 2769 sies.

596 2808 665 2865 ln
694 2826 815 2885 qua
839 2806 1077 2867 civitate
1102 2805 1345 2865 tandem
1372 2804 1651 2863 arbitrare
1680 2816 1740 2864 te
1767 2804 1958 2864 vivere
1974 2804 2002 2861 ’ζ

440 2950 519 3009 Et
540 2968 677 3027 quae
706 2949 835 3008 sine
860 2958 1027 3007 motu
1054 2946 1231 3005 animi
1256 2956 1319 3005 et
1344 2945 1694 3005 suavissima
1731 2946 2035 3025 voluptate
2079 2949 2200 3029 legi
2229 2970 2348 3009 non
2376 2961 2630 3029 possunt
2675 2932 2682 2941 ’

440 3043 711 3123 Hecyra:

921 3136 1150 3197 Odiosa
1178 3134 1312 3195 haec
1340 3143 1433 3195 est
1458 3143 1607 3195 setas
1636 3134 2134 3198 adolescentulis:

596 3234 649 3293 E
674 3233 872 3294 medio
900 3252 1135 3313 oequum
1162 3232 1448 3293 excedere
1475 3242 1588 3292 est.
1672 3232 1984 3294 Postremo
2001 3235 2127 3314 jam
2155 3254 2266 3295 nos
2294 3233 2496 3295 fabula

599 3331 836 3404 Sumus,
867 3329 1195 3409 Pamphile,
1217 3348 1400 3388 senex
1427 3337 1605 3407 atque
1638 3348 1809 3388 anus.

440 3486 502 3536 et
526 3484 760 3535 ceterat
803 3475 1079 3555 pluscula
1108 3484 1249 3535 sunt
1293 3475 1469 3534 enim.
1554 3474 1728 3545 Quis,
1775 3492 1910 3533 cum
1947 3474 2050 3535 illa
2078 3474 2434 3535 Phormione
2461 3474 2630 3553 legit,

444 3590 563 3631 non
590 3590 832 3631 uxorem
858 3572 1169 3633 honestam
1208 3568 1460 3629 adulteri
1488 3568 1806 3649 agnoscit?

921 3700 1016 3757 An
1043 3698 1361 3781 quicquam
1384 3697 1565 3759 bodie
1592 3708 1689 3758 est
1715 3698 1937 3758 sactum
1963 3698 2306 3779 indignius?

604 3792 723 3861 Qui
750 3791 914 3864 mihi,
939 3794 1041 3852 ubi
1066 3793 1143 3853 ad
1172 3812 1387 3853 uxores
1414 3805 1656 3852 ventum
1677 3804 1791 3865 est,
1821 3802 1947 3853 tum
1975 3794 2127 3853 fiunt
2151 3814 2348 3854 senes.

604 3888 889 3950 Hoeccine
917 3899 1088 3951 erant
1110 3890 1322 3950 itiones
1349 3892 1569 3950 crebrae
1609 3900 1672 3949 et
1699 3890 2036 3949 mansiones
2065 3888 2312 3951 diutinae

604 3985 851 4048 Lemni?
876 3986 1141 4047 haeccine
1166 3996 1293 4047 erat
1310 4006 1446 4070 quae
1462 3996 1700 4047 nostros
1723 3986 1951 4046 fructus
1970 3987 2269 4046 minuebat
2283 3982 2633 4045 calamitas?

606 4081 811 4151 Quid?
852 4100 967 4161 ego
995 4101 1169 4160 oequo
1198 4083 1389 4143 animo
1417 4084 1595 4163 cupio
1623 4084 1838 4143 misera
1865 4082 1925 4142 in
1952 4083 2066 4143 bac
2095 4100 2158 4142 re
2185 4081 2512 4158 defungier.

606 4178 727 4237 Sed
756 4178 895 4256 quid
928 4175 1204 4258 sperem?
1244 4186 1417 4240 aetate
1446 4198 1622 4258 porro
1647 4179 1842 4239 minus
1870 4186 2252 4257 peccaturum
2280 4174 2524 4254 putem?

574 4288 749 4354 Delph.
769 4295 817 4341 et
843 4288 953 4341 Voer.
974 4290 1105 4340 Clas.
1463 4290 1652 4341 Terent.
2453 4288 2502 4337 G
