3234 4934
582 413 670 478 54
1257 423 1532 472 vm‘rolt
1579 424 1679 472 ΒΕ
1724 423 2110 473 coMOEmA.

584 567 860 632 celebres
889 568 1045 626 enim
1071 575 1241 628 erant
1259 577 1320 626 et
1347 563 1670 626 Phoenicioe
1698 564 1880 625 literae
1908 565 2171 626 nondum
2188 565 2422 626 Graecis
2462 567 2763 628 sexdecim

585 686 622 726 a
648 663 966 724 Palamede
995 662 1236 742 Nauplii
1261 663 1382 722 filio
1407 661 1828 741 configuratis:
1868 681 1943 722 ac
1986 661 2218 742 plurimi
2260 662 2460 724 studia
2502 665 2767 742 poetices

582 749 987 820 habebantur:
1033 759 1393 838 proindeque
1437 760 1734 837 sapientes
1778 757 1863 818 illi
1909 757 2162 820 numeris
2210 760 2407 818 omnia
2446 778 2768 839 compone·

581 857 760 916 bant:
806 875 940 934 quae
985 874 1108 914 una
1149 875 1285 915 cum
1330 855 1535 915 ceteris
1581 854 1743 932 apud
1786 863 1911 912 tum
1940 852 2249 933 AEgyptios
2290 853 2557 914 floruisse
2596 875 2769 916 nemo

581 954 733 1011 bene
760 950 974 1011 doctus
1004 950 1304 1010 dubitarit.
1371 948 1506 1009 Non
1535 947 1851 1008 defuerunt
1870 948 2068 1023 etiam,
2098 952 2198 1028 qui
2226 948 2578 1009 Fabulamm
2604 951 2770 1010 initia

584 1046 796 1107 Siculis
839 1046 1266 1126 adjudicarent,
1317 1044 1809 1124 quemadmodum
1858 1045 2207 1106 Aristoteles
2250 1046 2311 1105 in
2360 1045 2617 1106 Poeticis
2660 1047 2767 1118 ait,

584 1143 858 1223 qnoniam
891 1141 1279 1222 Epicharmus
1310 1141 1687 1202 comicorum
1719 1142 2161 1220 antiquissimus
2202 1143 2381 1222 poeta
2424 1141 2583 1202 illinc
2608 1151 2771 1203 esset

583 1237 887 1298 oriundus.
971 1238 1376 1318 Syracusanus
1405 1237 1560 1297 enim
1586 1257 1787 1298 revera
1824 1239 1955 1308 fuit,
1999 1238 2383 1318 duplicesque
2419 1239 2767 1300 Groecorurn

580 1333 779 1394 literas
825 1335 867 1395 Ξ
905 1339 940 1405 ξ
971 1359 1018 1414 χ
1058 1333 1280 1413 primus
1325 1333 1582 1392 omnium
1627 1333 2004 1413 excogitavit,
2050 1335 2205 1396 sicut
2230 1335 2293 1394 in
2323 1334 2543 1395 Iliados
2570 1335 2769 1414 Alpba

587 1428 1018 1489 Grammaticus
1047 1429 1312 1488 Joannes
1341 1415 1540 1488 solerti
1565 1427 1653 1488 vir
1680 1428 1919 1507 ingenio
1937 1449 2169 1488 mecum
2190 1429 2401 1490 sentit:
2426 1429 2529 1488 ubi
2554 1429 2767 1509 longas

583 1549 620 1596 η
645 1535 709 1583 et
733 1549 776 1584 ω
803 1543 908 1603 per
935 1524 1295 1584 Simonidem
1339 1527 1576 1603 poetam
1628 1525 1690 1584 in
1734 1524 1932 1585 insula
1976 1523 2129 1584 Chio
2174 1535 2379 1584 natum
2408 1526 2609 1586 scribit
2632 1545 2769 1586 esse

581 1618 885 1690 formatas,
925 1620 1426 1699 aspiratammque
1468 1619 1838 1681 characteres
1878 1623 1915 1680 θ
1957 1631 1999 1700 φ
2038 1645 2085 1700 χ
2126 1617 2357 1679 Cadmo
2398 1619 2501 1679 illo
2530 1621 2769 1681 Milesio

583 1723 833 1778 testatur
859 1715 1086 1776 effictos
1113 1735 1129 1775 :
1173 1714 1314 1776 licet
1345 1715 1476 1775 hoec
1504 1715 1733 1775 Plinius
1762 1715 2251 1795 quinquagesimo
2279 1726 2449 1776 sexto
2472 1714 2603 1775 libri
2632 1735 2767 1796 sep·

583 1809 709 1870 timi
753 1811 944 1889 capite
991 1811 1168 1890 longe
1211 1811 1382 1870 aliter
1429 1811 1665 1872 tradat:
1708 1811 1821 1871 nisi
1868 1812 1944 1872 sit
1989 1830 2149 1872 error
2185 1811 2247 1872 in
2295 1811 2623 1885 codicibus,
2662 1823 2770 1872 aut

585 1903 780 1964 Graeci
809 1905 920 1985 ipsi
947 1925 1066 1966 non
1093 1907 1238 1965 satis
1267 1907 1378 1966 sibi
1405 1918 1701 1982 constent,
1744 1927 1895 1989 quos
1936 1907 2037 1968 ille
2072 1907 2443 1988 potissimum
2470 1909 2645 1968 fuerit
2669 1927 2769 1969 se·

583 2012 778 2064 cutus.
862 2001 1060 2062 Satius
1107 2013 1303 2063 tamen
1351 2003 1596 2064 arbitror
1643 2005 1776 2065 hoec
1818 2005 2111 2065 elementa
2138 2003 2375 2084 singula
2400 2005 2649 2085 sing-ulis
2677 2005 2771 2064 in·

579 2099 920 2158 ventoribna
941 2097 1262 2159 addixisse.
1317 2099 1409 2159 Ea
1433 2098 1612 2178 igitur
1632 2100 2045 2180 reg-rotantium
2068 2099 2297 2160 somnia
2322 2101 2766 2180 praetermittas:

583 2212 766 2252 unum
795 2192 908 2252 hoc
939 2194 1131 2253 sciens
1173 2196 1248 2254 ab
1287 2192 1592 2272 AEschylo,
1638 2205 1699 2254 et
1740 2195 1842 2274 qui
1884 2213 2021 2256 eum
2064 2206 2303 2256 secutus
2346 2207 2457 2267 est,
2506 2196 2768 2269 Cratino,

587 2287 840 2348 Fabulae
882 2288 944 2348 in
989 2307 1156 2348 suam
1200 2293 1447 2348 formam
1489 2307 1626 2347 esse
1662 2289 1901 2348 tandem
1928 2289 2218 2349 redactas.
2300 2289 2600 2367 Siquidem
2628 2300 2769 2350 ante

583 2383 846 2443 devictos
876 2382 1091 2442 Persas
1121 2382 1199 2442 ad
1229 2382 1552 2455 Salamina,
1591 2383 1763 2462 cujus
1790 2383 2050 2444 victoriae
2098 2383 2402 2455 Fabulam,
2442 2405 2579 2464 quse
2606 2403 2768 2445 nnnc

582 2487 764 2548 extat,
796 2476 1112 2556 AEschylus
1141 2477 1327 2549 dedit,
1353 2477 1552 2538 nullus
1579 2479 1641 2538 in
1667 2479 1741 2538 iis
1770 2477 1915 2539 ordo
1942 2489 2180 2558 poterat
2206 2480 2465 2558 reperiri.
2530 2481 2768 2541 Comoe-

581 2573 808 2652 diarum
849 2573 1049 2651 itaque
1091 2573 1278 2652 prima
1318 2575 1546 2634 semina
1591 2574 1671 2634 ad
1720 2573 2030 2655 AEgyptios
2074 2575 2414 2648 referamus,
2454 2575 2768 2636 formulam

580 2688 780 2728 earum
805 2679 869 2727 et
895 2669 1162 2729 ordinem
1189 2670 1416 2730 Cratini
1457 2671 1815 2748 temporibus
1860 2671 2245 2731 ascribentes.
2330 2671 2481 2750 styli
2508 2691 2640 2730 cum
2667 2691 2769 2732 ce·-

578 2765 720 2823 teris
747 2764 1050 2844 scripturis
1075 2765 1286 2825 eadem
1329 2785 1462 2826 esse
1507 2765 1839 2827 differentia
1878 2767 2147 2834 videtum
2192 2767 2435 2845 antiqua
2458 2766 2617 2825 enim
2644 2767 2767 2826 Co·

581 2859 799 2918 moedia
823 2861 1020 2938 gravis
1049 2870 1110 2920 et
1135 2861 1292 2920 elata
1319 2881 1555 2941 semper
1579 2861 1822 2940 incedit,
1863 2882 1935 2923 ac
1962 2881 2389 2941 nonnunquam
2413 2861 2769 2922 obsoletiora

567 2943 854 3032 ⁴quaedam
875 2955 1053 3014 verba
1077 2963 1373 3016 sectatur:
1404 2968 1468 3017 at
1485 2968 1697 3018 contra
1720 2959 2011 3018 recentior
2037 2957 2411 3038 perspicuum
2439 2977 2767 3019 sermonem

581 3047 839 3122 affectat,
868 3059 1074 3128 utpote
1102 3070 1238 3129 quoe
1265 3055 1435 3113 novis
1461 3073 1532 3113 ac
1561 3055 1928 3133 politioribus
1958 3063 2154 3113 utatur
2180 3053 2505 3115 atticismis.

661 3145 934 3204 Materioe
961 3164 1098 3204 cum
1138 3157 1257 3206 tres
1287 3167 1422 3208 esse
1448 3167 1624 3206 nemo
1650 3148 1913 3226 ambigat
1940 3149 2261 3218 sectiones,
2288 3148 2563 3224 quaedam
2592 3147 2771 3209 altius

581 3236 854 3298 videntur
891 3239 1064 3300 nobis
1107 3259 1240 3300 esse
1275 3243 1620 3322 repetenda.
1701 3242 1817 3303 Per
1842 3242 2058 3302 Atticae
2084 3243 2246 3301 urbis
2273 3242 2633 3302 incrementa
2657 3263 2765 3321 po-

578 3333 868 3393 tissimum
897 3333 1132 3413 vigente
1153 3336 1470 3414 republica,
1499 3357 1635 3397 cum
1664 3338 1891 3398 scilicet
1912 3337 2114 3396 omnia
2156 3336 2360 3416 populi
2392 3337 2642 3414 arbitr-io
2670 3358 2762 3398 re-

576 3439 871 3506 gerentur,
896 3431 1111 3509 poeto,
1133 3431 1234 3509 qui
1265 3431 1503 3493 Fabulis
1523 3453 1761 3512 operam
1786 3434 2029 3504 dabant,
2054 3435 2129 3492 ab
2157 3432 2541 3494 insectatione
2569 3433 2763 3494 aliena

577 3523 792 3602 stylum
819 3523 1054 3586 minime
1080 3535 1353 3603 poterant
1375 3529 1707 3589 continere:
1752 3549 1859 3590 seu
1898 3529 2175 3608 quoniam
2206 3528 2385 3589 Attici
2414 3541 2626 3610 suapte
2654 3549 2763 3590 na-

575 3631 711 3684 tura
731 3621 1062 3682 nasutiores
1089 3643 1221 3684 esse
1247 3624 1562 3687 dicuntur:
1603 3628 1728 3687 sive
1748 3627 1947 3708 potius
1974 3626 2138 3706 quod
2164 3626 2377 3707 plebeii
2410 3645 2641 3707 semper
2668 3628 2759 3687 in-

577 3727 718 3776 nato
746 3715 885 3777 odio
909 3719 1186 3796 patricios
1211 3731 1665 3800 prosequuntur.
1750 3722 1981 3781 Etenim
2019 3723 2367 3801 praepotenti
2408 3741 2624 3784 morem
2654 3743 2763 3802 po-

577 3813 718 3890 pulo
741 3823 1034 3892 gerentes,
1079 3824 1142 3873 et
1179 3815 1410 3893 judices
1451 3828 1514 3876 et
1549 3827 1830 3897 praetores
1862 3816 2191 3877 maledictis
2220 3819 2493 3876 insectari
2524 3818 2759 3878 minime

578 3907 968 3968 dubitabant:
1011 3929 1082 3968 ac
1113 3910 1294 3970 nihilo
1325 3915 1516 3973 secius
1545 3915 1827 3992 privatos,
1868 3914 1921 3973 si
1964 3913 2095 3992 quis
2138 3914 2231 3972 vel
2270 3931 2502 3984 avarus,
2532 3913 2623 3971 vel
2650 3913 2761 3972 im-

577 4023 759 4082 purus
787 4017 920 4064 esse
947 4005 1276 4066 videretur:
1305 4009 1671 4088 maximeque
1700 4009 1949 4068 dabatur
1976 4009 2159 4081 laudi,
2188 4009 2237 4067 si
2266 4009 2441 4086 poeta
2468 4007 2759 4086 quispiam

579 4115 614 4158 e
643 4115 820 4158 scena
863 4099 1247 4178 gravioribus,
1285 4121 1356 4161 ac
1401 4103 1574 4182 plene
1619 4105 1905 4164 censoriis
1941 4104 2132 4163 verbis
2170 4102 2232 4163 id
2275 4121 2461 4180 genus
2490 4103 2759 4163 homines

579 4193 756 4254 veluti
794 4193 1009 4272 jaculis
1044 4199 1416 4260 confecisset.
1501 4201 1635 4262 Hoc
1676 4221 1931 4281 namque
1978 4198 2144 4260 multi
2190 4199 2515 4258 domestico
2541 4199 2757 4278 probro
