3234 4934
611 397 702 461 66
1443 407 1552 458 -ua
1598 405 1985 460 vitumno.

615 553 752 626 cris,
787 551 1046 612 admisto
1085 550 1578 630 pronuntiationis
1626 551 1890 624 medule,
1936 569 2078 629 quo,
2124 549 2268 610 dum
2296 561 2466 612 actus
2495 561 2820 613 commuta-

615 651 849 717 bantur,
885 646 1143 728 populus
1169 647 1551 707 detineretur.
1636 647 2021 726 Compitalitii
2070 657 2267 706 autem
2318 647 2469 706 Ludi
2512 647 2674 719 dicti,
2716 648 2819 726 qui

617 763 722 824 per
745 743 1003 822 compita
1027 744 1249 803 fiebant
1269 763 1304 829 3,
1332 763 1649 823 scenseque
1680 744 1934 804 ductiles
1964 744 2023 801 in
2054 743 2335 822 plaustris
2365 745 2441 803 ob
2472 743 2531 803 id
2562 743 2820 822 antiquis

617 839 990 918 excogitatae.
1074 838 1296 898 Postea
1319 858 1458 898 vero
1495 839 1738 910 factum,
1787 851 1852 898 ut
1898 838 2081 898 Ludis
2110 838 2361 918 publicis
2390 848 2449 900 et
2477 840 2536 898 in
2564 840 2821 900 Theatro

619 945 932 1014 agerentur
963 934 1152 994 Novae
1179 933 1504 994 Comoediae
1534 934 1693 1014 apud
1726 935 2050 993 Romanos.

701 1030 900 1090 Ludos
927 1031 1217 1090 vocabant
1242 1029 1478 1110 publica
1509 1031 1877 1108 spectacula,
1921 1049 2059 1108 quae
2086 1039 2209 1090 tum
2240 1031 2300 1089 in
2332 1031 2581 1111 gratiam
2611 1031 2819 1111 populi

615 1129 740 1189 fieri
767 1127 1026 1186 solerent
1067 1145 1102 1184 a
1145 1137 1374 1192 senatu,
1415 1135 1478 1185 et
1523 1143 1558 1184 a
1599 1125 1958 1204 principibus
1998 1125 2247 1200 institui,
2296 1128 2393 1188 vel
2436 1127 2513 1188 ad
2558 1128 2818 1187 favorem

617 1223 820 1304 populi
849 1219 1286 1281 conciliandum
1313 1225 1408 1297 (ut
1433 1220 1753 1280 nonnullos
1802 1220 2075 1280 Caesares
2124 1222 2337 1282 fecisse
2387 1222 2683 1302 legimus),
2726 1222 2821 1282 vel

618 1320 696 1380 ad
727 1319 1047 1379 animorum
1073 1317 1495 1377 relaxationem
1525 1327 1587 1376 et
1613 1317 2089 1378 oblectationem.
2179 1319 2377 1379 Multo
2404 1318 2595 1398 magis
2624 1318 2702 1378 ad
2731 1337 2823 1378 re-

617 1416 900 1496 ligionem
926 1414 1177 1475 instituti
1207 1425 1348 1474 sunt
1379 1413 1547 1473 Ludi.
1608 1412 1765 1472 Nam
1795 1413 1927 1472 Diis
1956 1424 2095 1492 post
2117 1413 2406 1476 sacrificia
2426 1415 2603 1475 etiam
2627 1414 2822 1474 Ludos

611 1512 890 1590 ,publicos
919 1511 1370 1572 consecrabant.

611 1659 618 1668 .
707 1607 856 1667 Ludi
893 1606 1088 1684 igitur,
1131 1617 1194 1665 et
1235 1605 1506 1677 Ludicra,
1551 1625 1689 1684 quae
1719 1606 1893 1664 etiam
1928 1605 2269 1666 certamina
2298 1616 2585 1666 vocarunt
2614 1607 2823 1680 Latini,

625 1703 824 1762 Graeci
853 1703 1118 1781 Agonas,
1165 1701 1480 1760 multorum
1526 1721 1807 1779 generum
1837 1700 2111 1760 fuerunt:
2152 1719 2347 1779 neque
2374 1721 2515 1761 vero
2542 1721 2663 1761 uno
2690 1715 2823 1762 tan-

619 1809 744 1859 tum
774 1796 1118 1879 spectaculo
1141 1798 1199 1856 in
1238 1796 1484 1876 publicis
1513 1795 1694 1856 Ludis
1732 1795 2103 1855 detinebatur
2140 1797 2420 1877 populus.
2507 1798 2691 1856 Erant
2720 1818 2825 1858 au-

625 1905 743 1956 tem
773 1894 922 1953 Ludi
949 1893 1222 1974 Gymnici
1251 1902 1314 1951 et
1341 1891 1660 1951 Athletici:
1706 1889 1852 1950 Ludi
1884 1890 2232 1952 Circenses:
2264 1893 2413 1952 Ludi
2444 1892 2823 1953 Gladiatorii:

624 2002 687 2053 et
716 1991 864 2051 Ludi
909 1989 1182 2056 Scenici;
1225 1988 1302 2048 de
1332 1987 1548 2067 quibus
1578 2006 1741 2046 nunc
1771 1985 2117 2065 singulatim
2152 1999 2247 2046 est
2286 1989 2493 2068 paucis
2531 1988 2825 2049 disseren-

615 2088 789 2160 dum,
815 2087 1030 2167 partim
1057 2105 1132 2147 ex
1161 2083 1410 2156 Budaeo,
1438 2094 1661 2144 nostrae
1691 2083 1907 2142 Galliae
1936 2083 2177 2155 lumine,
2209 2083 2418 2163 partim
2444 2105 2518 2144 ex
2540 2084 2827 2157 Vitruvio,

625 2184 908 2256 Luciano,
939 2191 999 2242 et
1027 2181 1155 2242 aliis
1184 2181 1445 2260 antiquis
1475 2180 1838 2240 auctoribus.

705 2279 981 2359 Gymnici
1001 2288 1062 2337 et
1080 2277 1363 2338 Athletici
1393 2276 1543 2335 Ludi
1571 2278 1631 2336 in
1653 2277 1947 2355 palaestris
1972 2297 2043 2338 ac
2073 2277 2397 2356 gymnasiis
2420 2277 2647 2338 fiebant
2664 2277 2824 2356 apud

629 2375 895 2445 Graecos,
941 2393 1076 2451 quae
1123 2373 1258 2433 loca
1298 2374 1539 2433 fuerunt
1563 2373 1909 2432 exercendis
1936 2383 1999 2432 et
2024 2374 2286 2452 corporis
2314 2384 2376 2433 et
2402 2373 2579 2432 animi
2608 2373 2826 2434 viribus

625 2469 1096 2531 accommodata.
1184 2470 1338 2528 Nam
1385 2469 1564 2528 etiam
1597 2469 1655 2527 in
1686 2468 1757 2527 iis
1784 2467 2080 2548 palaestris
2110 2479 2214 2528 aut
2242 2466 2567 2548 gymnasiis
2596 2467 2827 2529 exedrae

625 2567 886 2639 fuerunt,
930 2567 990 2625 in
1038 2567 1254 2644 quibus
1297 2565 1635 2644 philosophi
1680 2564 1877 2624 Graeci
1914 2564 2190 2625 sedentes
2219 2563 2651 2644 disputabant..
2706 2564 2827 2624 Sed

627 2674 691 2722 et
729 2661 1026 2742 palaestrae
1065 2661 1384 2741 appellatio
1413 2681 1645 2721 omnem
1675 2660 2013 2720 athleticam
2046 2672 2231 2721 artem
2260 2671 2321 2721 et
2349 2661 2829 2722 exercitationem

627 2759 1054 2837 complectitur,
1079 2757 1557 2835 decentiamque:
1589 2775 1709 2835 qua
1737 2765 1951 2829 status,
1978 2765 2198 2829 motus,
2220 2756 2526 2835 flexusque
2546 2755 2828 2834 corporis,

631 2873 702 2912 ac
725 2872 930 2914 omnes
958 2853 1196 2914 omnino
1227 2855 1465 2913 habitus
1495 2863 1868 2914 venustatem
1895 2852 2195 2930 quandam
2218 2851 2595 2931 leporemque
2616 2871 2741 2930 prae
2764 2871 2829 2912 se

629 2949 860 3010 ferunt:
901 2969 1078 3028 quam
1125 2950 1224 3028 qui
1271 2969 1387 3008 non
1435 2949 1787 3022 didicerant,
1835 2951 1875 3008 ii
1924 2949 2235 3030 apalaestoi
2280 2951 2355 3008 ab
2402 2948 2659 3026 antiquis
2689 2947 2831 3008 dicti

631 3059 788 3106 sunt.
873 3047 1020 3105 Eam
1051 3066 1186 3106 vero
1216 3058 1396 3107 artem
1429 3049 1528 3126 qui
1557 3047 1932 3118 exercebant,
1981 3058 2085 3107 aut
2111 3047 2213 3125 qui
2252 3046 2309 3104 in
2348 3045 2624 3125 palaestra
2664 3063 2831 3104 exer·

631 3143 935 3204 cebantur,
964 3140 1056 3198 vel
1088 3139 1473 3199 decertabant
1506 3141 1785 3216 praemiis,
1826 3141 2165 3218 palaestritae
2206 3139 2299 3199 vel
2344 3139 2657 3216 paloestrici
2688 3138 2833 3200 dicti

629 3245 802 3294 sunt:
847 3233 1171 3314 Gymnicos
1202 3233 1399 3293 Graeci
1425 3235 1602 3294 etiam
1634 3245 1937 3304 vocarunt,
1966 3233 2127 3312 quod
2157 3234 2303 3293 nudi
2330 3233 2569 3293 athletae
2598 3253 2831 3295 exerce-

633 3340 850 3389 rentur.
935 3329 1212 3390 Ceterum
1262 3331 1319 3387 in
1367 3329 1648 3408 palaestra
1698 3328 1989 3408 gymnasii
2038 3328 2258 3408 (inquit
2308 3328 2583 3404 Plautus)
2630 3348 2829 3403 cursu,

633 3424 937 3497 luctando,
973 3424 1165 3495 hasta,
1212 3425 1399 3496 disco,
1445 3423 1739 3503 pugilatu,
1787 3421 2055 3482 saliendo
2096 3442 2161 3482 se
2190 3424 2543 3482 exercebant
2568 3423 2828 3486 athletoe.

637 3517 990 3597 Hujusmodi
1037 3521 1182 3580 Ludi
1223 3522 1278 3579 in
1314 3521 1543 3599 Campo
1575 3519 1797 3579 Martio
1827 3518 1987 3598 apud
2018 3519 2322 3579 Romanos
2368 3519 2489 3578 fleri
2536 3519 2829 3580 solebant.

715 3614 833 3682 Qui
862 3618 1176 3676 currebant
1201 3617 1258 3675 in
1296 3616 1472 3675 Ludis
1501 3615 1836 3696 Gymnicis,
1878 3615 1993 3675 hoc
2032 3623 2145 3687 est,
2188 3636 2363 3678 cursu
2394 3635 2639 3694 corpora
2665 3636 2829 3676 exer-

634 3713 870 3784 cebant,
911 3712 1004 3773 vel
1046 3731 1118 3772 eo
1163 3713 1566 3782 decertabant,
1616 3713 1845 3770 Graecis
1890 3709 2077 3771 dromi
2124 3710 2516 3791 appellantur,
2560 3711 2675 3770 hoc
2716 3724 2828 3786 est,

633 3825 924 3868 cursores.
1008 3807 1270 3875 Quorum
1301 3808 1400 3867 alii
1429 3807 1817 3866 stadiodromi
1862 3806 2231 3878 dicebantur,
2276 3808 2378 3886 qui
2411 3806 2665 3866 stadium
2697 3827 2827 3886 per-

635 3899 986 3962 currebant:
1031 3903 1130 3962 alii
1157 3904 1570 3972 diaulodromi,
1600 3923 1638 3960 a
1665 3903 2021 3962 circumactu
2052 3902 2343 3974 curriculi,
2388 3902 2446 3961 id
2488 3914 2601 3974 est,
2645 3903 2827 3980 duplo

635 3999 946 4070 curricu10,
969 3999 1124 4077 quod
1158 3999 1395 4058 diaulon
1427 4000 1755 4058 vocabant:
1790 4018 1925 4056 nam
1954 4000 1990 4057 ii
2020 4018 2312 4070 cursores,
2340 4019 2473 4058 cum
2504 3999 2578 4057 ad
2611 4007 2827 4058 metam

635 4108 1039 4170 pervenerant,
1082 4097 1412 4167 flectentes,
1457 4115 1528 4154 eo
1557 4116 1757 4155 rursus
1789 4098 2184 4169 recurrebant,
2226 4096 2385 4154 unde
2416 4113 2648 4155 cursum
2680 4094 2839 4172 iaie--

637 4199 790 4266 rant.
847 4191 1028 4252 Erant
1050 4203 1112 4252 et
1133 4191 1582 4264 dolichodromi,
1611 4192 1713 4270 qui
1744 4191 1937 4253 sexies
1956 4191 2213 4252 stadium
2235 4190 2524 4254 curriculo
2548 4190 2823 4248 obibant:

638 4303 774 4343 nam
803 4283 1066 4346 dolichos
1093 4286 1470 4365 longissimus
1500 4307 1708 4348 cursus
1738 4287 2060 4348 dicebatur.
