3234 4934
939 410 1037 459 nn
1083 410 1384 462 comens
1436 408 2060 459 umenslomuus.
2117 443 2132 455 .
2315 352 2330 377 ἱ
2469 394 2596 458 157

410 570 585 633 quam
616 552 669 612 si
678 552 917 631 suxeris
947 562 1009 612 et
1032 555 1367 631 occepseris,
1394 571 1522 631 pro,
1552 552 1723 623 faxis,
1751 561 1816 612 et
1841 552 2133 629 occepsiS,
2161 550 2398 617 malint;
2445 551 2598 610 sicat

409 650 470 709 in
501 648 794 727 Captivis:
826 655 841 683 ‘
868 648 1204 728 Numquam
1232 650 1387 708 istuc
1415 648 1590 719 dixis,
1620 667 1812 726 neque
1843 648 2098 707 animum
2128 646 2362 706 induxis
2391 648 2600 706 tuum!

412 746 686 824 Accipies
714 746 888 805 etiam
916 764 1099 803 unum
1124 764 1198 805 ex
1227 744 1430 803 eadem
1461 743 1699 802 sabula:
1743 749 1759 776 ‘
1779 742 1920 801 Avis
1965 761 2059 801 me
2089 742 2208 801 fere
2233 742 2598 803 consimilem

409 840 645 912 faciam,
674 851 739 900 ut
765 840 1075 920 praedixti.’
1156 840 1529 900 Adducerem
1558 850 1620 899 et
1647 858 1721 898 ex
1749 839 1989 898 Casinae
2019 838 2295 917 PrologO,
2325 839 2436 897 nisi
2466 857 2597 899 sus-

408 938 637 1018 picarer
666 938 841 997 verba
867 956 1001 997 esse
1029 938 1422 1016 transposita:
1468 944 1485 970 ‘
1506 936 1877 995 Clerumenae
1924 935 2054 996 haec
2094 944 2335 995 vocatur
2364 936 2596 995 Comoe-

417 1033 518 1094 dia
558 1033 811 1094 Groece.'
895 1034 1064 1094 Siout
1089 1053 1162 1093 ex
1204 1034 1413 1093 eodem
1453 1033 1740 1093 alterum:
1786 1038 1803 1065 ‘
1829 1030 2078 1091 Ratione
2118 1039 2400 1091 utuntur:
2443 1032 2599 1093 ludis

406 1130 699 1189 neminem
729 1132 1025 1209 poscunt.’
1110 1130 1227 1189 Sed
1257 1130 1519 1210 profecto
1548 1141 1609 1189 et
1649 1128 1788 1188 alibi
1835 1126 2034 1187 multis
2077 1126 2245 1197 locis,
2286 1138 2344 1187 et
2377 1127 2436 1186 in
2466 1127 2600 1187 Ροε-

408 1224 585 1286 milo:
631 1232 650 1259 ⁸
669 1225 873 1286 Gerroe
904 1245 1199 1303 germanae
1229 1236 1406 1305 atque
1434 1224 1668 1305 aedepol
1704 1228 1863 1299 λῆροι
1889 1222 2114 1297 λήρων]
2178 1224 2268 1283 Ac
2295 1242 2371 1281 ne
2399 1224 2454 1281 in
2483 1223 2600 1283 illis

409 1321 647 1402 quidem
694 1323 945 1380 servavit
994 1321 1363 1379 Latinitatem
1392 1340 1408 1379 ε
1452 1326 1467 1354 ⁸
1494 1320 1585 1379 Ne
1613 1330 1673 1376 te
1702 1318 1886 1377 iratus
1915 1318 2036 1377 suis
2061 1318 2235 1377 saevis
2265 1317 2438 1379 dictis
2467 1338 2603 1397 pro·

408 1416 573 1487 telet,
623 1415 786 1476 scio!
867 1415 1181 1474 Substituit
1224 1415 1377 1473 enim
1406 1434 1513 1494 pro
1539 1416 1712 1473 saevis
1737 1414 1937 1484 dictis,
1965 1414 2258 1473 soevidr'ct‘s
2277 1432 2298 1471 .·
2339 1424 2402 1473 at
2429 1416 2602 1474 saevi-

410 1512 631 1585 dicum,
672 1512 889 1572 mobile
918 1528 1129 1570 nomen
1158 1522 1286 1579 est3
1331 1511 1425 1569 cui
1472 1510 1650 1588 igitur
1689 1507 1979 1569 haerebit?
2021 1527 2093 1568 an
2125 1508 2222 1568 ille
2251 1510 2474 1569 invenit
2499 1532 2599 1571 us·

408 1625 587 1685 quam
640 1609 698 1665 in
746 1618 971 1665 naturae
1015 1606 1267 1684 leg-ibus,
1318 1604 1596 1665 accidens
1641 1605 1770 1663 sine
1821 1606 2152 1665 substantia
2172 1604 2220 1661 2.
2279 1606 2347 1664 In
2393 1606 2600 1667 eadem

410 1712 605 1763 autem
634 1722 810 1763 scena
841 1702 1017 1762 etiam
1056 1701 1273 1780 pedum
1304 1720 1583 1759 numerus
1612 1712 1748 1759 eum
1773 1701 1922 1778 fug-it
1948 1721 1962 1760 τ
2007 1720 2258 1778 namque
2285 1701 2600 1763 iambicum

410 1800 699 1859 senarium
729 1796 1321 1877 hypercatalecticum
1352 1795 1501 1854 dixit
1528 1796 1692 1854 illum
1720 1815 1736 1855 ε
1780 1804 1796 1831 ⁸
1824 1796 1959 1854 Non
1987 1814 2234 1873 possum
2261 1796 2493 1867 adesse,
2523 1798 2600 1857 ah

408 1894 551 1974 quid
576 1894 747 1972 agis?
776 1914 895 1973 quo
923 1894 1073 1963 abis,
1104 1892 1412 1971 Antipho?
1442 1892 1657 1953 mane!
1739 1892 1938 1951 Habet
1964 1893 2118 1951 enim
2149 1891 2298 1951 duos
2327 1892 2598 1971 dactylos

409 1989 653 2050 alterum
686 1987 851 2048 alteri
884 1988 1231 2047 subeuntem
1262 1995 1399 2045 ante
1437 1998 1794 2064 postremum
1823 1987 2100 2046 iambum.
2185 1987 2374 2066 AEque
2403 2000 2600 2048 autem

407 2083 777 2147 incommode
802 2104 877 2143 ex
907 2082 1573 2143 Heautontimorumeno
1620 2082 2250 2161 brachycatalecticum
2281 2084 2604 2142 nominavit

409 2178 594 2252 illum,
634 2179 691 2237 in
740 2197 859 2257 quo
908 2177 1227 2257 periculum
1274 2176 1469 2254 potius
1510 2176 1795 2248 imminet,
1837 2198 1911 2237 ne
1938 2177 2082 2255 quid
2113 2177 2443 2238 redundet:
2487 2178 2602 2237 ‘Et

408 2274 565 2335 illam
610 2274 785 2336 simul
830 2294 963 2335 cum
1010 2274 1219 2333 nuntio
1263 2274 1367 2332 tibi
1413 2273 1509 2332 hic
1553 2292 1668 2351 ego
1707 2272 2016 2333 affuturam
2044 2273 2218 2332 hodie
2249 2274 2412 2335 scio!
2493 2274 2603 2333 Est

410 2371 565 2431 enim
586 2370 911 2451 quadratus
941 2369 1248 2431 iambicus.
1334 2370 1504 2430 Sicut
1544 2370 1710 2430 illum
1759 2389 1992 2449 quoque
2037 2369 2229 2429 minus
2259 2372 2409 2430 bene
2435 2382 2602 2430 octo-

408 2468 636 2527 narium
667 2467 1255 2548 hypercatalecticum
1280 2486 1295 2526 ε
1338 2472 1355 2501 ‘
1382 2466 1573 2527 Probe
1595 2488 1615 2529 x
1657 2467 1792 2526 huic
1821 2466 2002 2526 filium
2025 2466 2141 2526 scis
2165 2465 2340 2527 esse?
2383 2466 2604 2539 audivi,

410 2564 473 2624 in
502 2562 683 2625 Asia:
724 2583 841 2623 non
872 2573 965 2623 est
990 2563 1198 2643 pater?
1281 2562 1456 2636 Nam,
1499 2565 1547 2623 si
1592 2564 1848 2623 iambum
1879 2564 1938 2621 in
1967 2564 2152 2642 prima
2181 2562 2322 2621 sede
2351 2573 2602 2636 statuas,

410 2669 475 2719 et
516 2660 795 2721 creticum
839 2660 897 2718 in
948 2659 1213 2719 secunda
1258 2662 1335 2721 ob
1384 2660 1759 2739 positionem,
1801 2670 1905 2717 aut
1944 2658 2242 2738 dactylum
2287 2678 2362 2719 ex
2389 2670 2604 2719 natura

410 2756 680 2836 syllaboe,
710 2755 1078 2835 septenarius
1108 2768 1220 2815 est.
1286 2754 1427 2827 Sed,
1451 2755 1632 2827 audii,
1663 2753 2162 2833 pronuntiandum
2185 2764 2296 2821 est,
2326 2766 2414 2825 ut,
2440 2754 2606 2825 Asia,

408 2854 489 2913 sit
526 2864 885 2932 anapaestus.
971 2852 1077 2911 Sin
1125 2851 1297 2911 malis
1340 2851 1726 2921 trochaicum,
1775 2869 1894 2909 non
1942 2848 2194 2909 collidas
2239 2849 2604 2923 adverbium,

407 2951 611 3030 probe,
652 2961 715 3007 et
739 2948 849 3008 erit
878 2958 1221 3026 anapaestus
1250 2948 1439 3026 prima
1484 2947 1545 3005 in
1596 2946 1762 3017 sede,
1803 2946 2030 3024 eritque
2075 2945 2437 3017 octonarius,
2483 2958 2604 3005 tro-

406 3038 671 3117 chaicus,
710 3041 1117 3113 catalecticus,
1144 3052 1225 3111 et,
1255 3042 1420 3113 Asia,
1447 3042 1822 3119 bisyllabum.
1910 3041 1977 3098 In
2008 3038 2360 3098 Phormione
2386 3040 2607 3100 frustra

408 3143 641 3203 laborat
666 3136 1109 3219 transponendo
1138 3139 1339 3209 verba,
1382 3153 1447 3197 ut
1474 3136 1732 3196 numeris
1773 3134 2069 3207 consulat,
2109 3154 2182 3193 eo
2227 3153 2433 3193 versu:
2479 3144 2496 3168 ⁴
2523 3136 2606 3194 Ut

408 3237 483 3299 ad
514 3255 707 3318 pauca
736 3235 995 3305 redeam,
1024 3253 1096 3293 ac
1124 3235 1353 3293 mittam
1381 3232 1541 3291 illius
1571 3229 1863 3310 ineptias?
1946 3227 2181 3288 Mavult
2205 3228 2288 3287 ita
2314 3230 2466 3309 legi:
2498 3231 2608 3292 Aa

396 3354 595 3414 pauca
620 3341 691 3393 ut
716 3332 965 3392 redeam.
1049 3330 1129 3388 At
1154 3348 1293 3387 vero
1322 3329 1582 3400 verbum,
1630 3326 1886 3397 redeam,
1929 3324 2282 3404 bisyllabum
2312 3344 2466 3398 esse,
2507 3327 2602 3386 vel

408 3432 703 3491 sexcentis
732 3429 899 3499 lociS,
926 3426 1025 3487 ubi
1053 3446 1203 3505 opus
1232 3436 1345 3496 est,
1376 3433 1636 3485 constat.
1693 3422 1912 3481 Eximit
1938 3422 2112 3481 etiam
2134 3420 2396 3480 vocalem
2426 3421 2602 3501 hujus

409 3524 863 3605 praepositionis,
910 3542 1036 3600 per,
1081 3540 1151 3581 eo
1194 3540 1368 3581 versu
1396 3518 1843 3597 Adelphorum:
1888 3525 1904 3551 ‘
1929 3517 2044 3576 Per
2071 3516 2508 3596 oppressionem
2539 3528 2604 3578 ut

408 3621 563 3681 hanc
594 3619 735 3679 mibi
762 3620 979 3697 eripere
1006 3617 1307 3695 postulet!
1370 3618 1451 3676 At
1472 3635 1634 3689 vero,
1661 3612 1806 3693 quid
1837 3613 2012 3673 fuerit
2035 3612 2250 3685 dicere,
2283 3612 2602 3692 Proppres-

411 3714 679 3776 sionem?
720 3732 931 3791 nempe
969 3712 1243 3791 frigidum
1275 3712 1593 3772 admodum
1622 3720 1736 3779 est,
1779 3730 1854 3769 ne
1885 3709 2078 3768 dicam
2107 3707 2450 3781 absurdum,
2493 3726 2600 3768 no-

410 3833 547 3875 vum
575 3812 733 3889 fugoe
762 3828 971 3888 genuS,
1014 3828 1133 3885 quo
1162 3810 1339 3867 evitet
1364 3808 1648 3868 creticum
1691 3804 1928 3866 fatalem
1973 3804 2173 3865 illum:
2218 3821 2352 3863 cum
2402 3813 2599 3863 tamen

410 3908 562 3969 adeo
588 3907 837 3967 molliter
872 3904 1231 3985 pronuntiari
1260 3904 1467 3982 possit,
1510 3915 1577 3963 ut
1601 3902 1700 3961 vix
1729 3902 1982 3960 divertat
2008 3920 2044 3959 a
2069 3910 2282 3959 natura
2310 3898 2602 3977 spondaei.

412 4005 533 4063 Sed
552 4005 677 4083 jam
705 4020 904 4061 vereor
927 4020 1001 4059 ne
1028 3998 1162 4079 quis
1190 4018 1411 4071 eorum,
1442 4018 1593 4079 quos
1620 3998 1720 4058 ille
1749 3997 1949 4058 multis
1978 3995 2123 4055 locis
2152 3994 2361 4074 premit
2385 3994 2600 4053 fabulis

413 4112 589 4179 atque
632 4099 849 4171 irridet,
892 4107 1139 4177 reponat
1185 4096 1239 4154 ei
1289 4098 1575 4174 gratiam:
1618 4115 1752 4156 cum
1797 4094 1856 4153 in
1889 4095 2084 4163 verbo,
2123 4090 2381 4169 postulo,
2411 4090 2604 4150 sciant

414 4198 487 4256 ab
516 4198 655 4275 ipso·
672 4206 961 4255 exemtam
990 4192 1241 4252 mediam
1274 4193 1555 4253 vocalem.
1641 4194 1867 4269 Magno
1895 4189 2052 4249 enim
2095 4186 2153 4245 in
2201 4185 2460 4265 periculo
2487 4196 2598 4260 est,

610 4288 639 4311 θ
