3234 4934
564 400 692 465 100
1010 409 1371 461 sumnus
1418 408 1714 460 namen
1762 410 2293 463 mesanum-10.

568 558 680 619 Cui
705 554 875 630 illud,
902 552 1172 635 quamvis
1200 570 1321 613 non
1348 553 1409 613 in
1432 553 1609 615 simili
1636 553 1876 615 omnino
1903 574 2140 635 genere,
2167 556 2459 637 adjungas
2478 556 2648 619 licet:

725 686 882 745 Nam
910 683 1115 744 mulier
1142 683 1333 745 olitori
1362 703 1665 763 nunquam
1695 684 2010 765 supplicat,
2038 686 2088 744 si
2117 704 2236 763 qua
2263 697 2356 745 est
2383 685 2574 745 mala:

726 780 903 841 Domi
932 779 1113 840 habet
1138 781 1371 840 hortum
1400 792 1460 841 et
1486 783 1866 841 condimenta
1893 782 1971 841 ad
1991 801 2196 842 omnes
2223 798 2415 841 mores
2431 781 2750 841 maleficos.

567 908 857 971 Rhetores
905 909 1224 988 θυμελικὸν,
1273 908 1397 969 sive
1448 909 1754 978 theatrale,
1800 918 2096 969 vocarent.
2205 908 2546 970 Ridiculum
2595 909 2750 968 enim

563 1006 765 1087 potius
791 1023 967 1083 quam
994 1004 1268 1064 festivum
1290 1013 1417 1065 est:
1482 1015 1561 1077 et,
1600 1013 1669 1065 ut
1711 1006 1790 1065 sit
1815 1005 2111 1078 festivum,
2157 1024 2352 1078 nemo,
2378 1024 2515 1065 vere
2548 1004 2608 1063 in
2658 1003 2750 1065 his

436 1142 443 1153 -
566 1103 871 1174 subactus,
908 1098 1121 1161 dixerit
1162 1109 1475 1161 venustum
1511 1118 1685 1161 esse:
1729 1103 1803 1161 ab
1851 1120 1965 1161 usu
2007 1102 2161 1161 enim
2186 1120 2362 1180 quam
2405 1099 2751 1180 longissime

564 1206 856 1259 remotum
896 1206 1007 1256 est.
1087 1194 1223 1255 Jam
1250 1214 1409 1269 vero,
1459 1216 1595 1255 cum
1641 1196 1702 1257 in
1729 1197 1919 1258 verbis
1965 1197 2242 1277 frigidum
2285 1208 2390 1258 aut
2432 1198 2493 1257 in
2539 1197 2749 1263 rebus:

568 1293 646 1353 de
691 1291 883 1353 verbis
925 1290 1295 1365 Aristoteles,
1345 1291 1420 1351 de
1467 1292 1643 1351 rebus
1685 1291 1784 1352 alii
1829 1304 2098 1373 egerunt.
2203 1292 2506 1371 Frigidum
2555 1300 2754 1351 autem

556 1392 682 1471 jam
711 1406 1010 1460 vocamus,
1039 1406 1157 1446 non
1178 1386 1698 1467 magniloquentiae
1724 1388 1977 1449 vicinum
1997 1388 2140 1449 illud
2159 1389 2361 1449 vitium
2387 1393 2753 1468 (quanquam

564 1485 715 1547 illud
740 1503 978 1565 quoque
1022 1482 1239 1543 habere
1265 1484 1363 1544 hic
1391 1484 1583 1543 locum
1614 1485 1835 1561 potest)
1875 1483 2035 1562 quod
2069 1484 2374 1546 discedere
2401 1488 2476 1546 ab
2518 1485 2754 1546 urbani-

568 1594 693 1645 tate
719 1581 952 1643 dicitur.
1035 1578 1234 1653 Quod,
1262 1589 1332 1639 ut
1376 1576 1646 1640 nonnihil
1674 1597 1712 1638 a
1741 1576 1975 1637 dicendi
2000 1577 2098 1637 hic
2127 1580 2424 1659 magistris
2453 1582 2754 1648 abemus,

568 1677 761 1739 modis
786 1677 857 1736 fit
877 1675 1160 1755 pluribus.
1244 1673 1356 1735 Vel
1402 1674 1465 1733 in
1505 1672 1721 1752 frigida
1764 1671 2171 1733 translatione.
2258 1673 2340 1732 Ut
2380 1691 2516 1734 cum
2545 1674 2752 1735 dentes

568 1772 817 1836 calceati
844 1771 1139 1832 dicuntur.
1202 1771 1379 1851 Capt-

733 1901 886 1961 Cum
914 1899 1193 1960 calceatis
1223 1898 1503 1960 dentibus
1530 1900 1754 1961 veniam
1785 1909 2006 1962 tamen.

576 2030 655 2091 Et
678 2048 815 2091 eum
840 2030 1055 2103 victus,
1104 2034 1120 2064 ‘
1138 2030 1360 2091 senteis
1400 2028 1662 2104 esitare,’·
1699 2040 1759 2092 et
1804 2038 1824 2066 ‘
1846 2046 2188 2115 scruposam
2216 2026 2370 2088 viam
2398 2026 2758 2088 commeare’

576 2126 824 2187 dicitur:
866 2145 1002 2205 quoe
1036 2144 1181 2187 sane
1206 2126 1446 2209 frigent.
1527 2127 1641 2187 Vel
1685 2127 1745 2188 iu
1771 2127 2026 2191 minimis
2063 2124 2467 2186 allusiuneulis
2493 2133 2555 2183 et
2579 2123 2757 2202 longe

568 2222 789 2304 petitis.
874 2222 957 2280 Ut
983 2220 1263 2283 Poenulo:

733 2346 853 2406 Μι.
897 2345 1115 2405 Assum
1142 2344 1301 2426 apud
1328 2356 1386 2406 te
1415 2364 1644 2406 eccum.
1726 2349 1848 2407 Ao.
1887 2348 1970 2407 At
1987 2366 2102 2427 ego
2129 2346 2319 2410 elixus
2347 2348 2431 2409 si's
2459 2346 2612 2407 volo.

576 2444 651 2503 Et
678 2441 840 2521 quod
868 2439 954 2499 illi
982 2440 1207 2519 placuit
1233 2461 1351 2501 non
1382 2442 1565 2502 semel
1589 2464 1607 2501 ε
1811 2510 1816 2515 ,

735 2537 935 2615 Magis
962 2536 1151 2597 calleo
1172 2556 1349 2616 quam
1378 2556 1718 2625 aprugnum:
1735 2537 1952 2598 callum
1980 2538 2176 2599 callet.

574 2634 975 2787 loemvcauum
1003 2745 1333 2806 aprugnum
1362 2746 1531 2805 seque
1558 2726 1772 2785 callere
1798 2744 1918 2787 non
1947 2728 2155 2789 sinam.

577 2824 673 2897 Et,
738 2919 979 2988 Quanta
1008 2916 1220 2979 sumini
1248 2915 1595 2991 absumedo,
1624 2927 1848 2997 quanta
1873 2918 2028 2979 callo
2055 2918 2393 2988 calamitas!

579 3015 658 3075 Et
689 3012 927 3075 Curcul.

1056 3106 1257 3169 Facite
1284 3119 1525 3171 ventum
1550 3123 1620 3171 ut
1646 3109 1958 3189 gaudeam.

735 3204 860 3264 ΡΗ.
923 3202 1204 3264 Maxime.
1289 3204 1412 3265 Ctx.
1474 3203 1634 3274 Quid
1678 3203 1874 3264 facitis
1893 3204 1922 3262 ’ἱ
1976 3224 2203 3285 quaeso.
2303 3208 2424 3270 Pu.
2483 3210 2760 3273 Ventum.

900 3298 1024 3357 Cu,
1066 3296 1225 3359 Nolo
1252 3298 1523 3377 equidem
1551 3298 1695 3359 mihi

741 3390 895 3451 Fieri
920 3391 1248 3546 vengulum.
1330 3392 1454 3455 ΡΗ.
1497 3393 1656 3462 Quid
1677 3396 1858 3476 igitur
1880 3400 2016 3460 vis?
2085 3402 2206 3461 Cu,
2247 3402 2419 3475 Esse,
2437 3411 2507 3463 ut
2527 3413 2765 3465 ventum

902 3506 1019 3565 gau
1064 3506 1215 3547 eam.

581 3613 775 3682 Quas·
800 3632 936 3673 cum
978 3614 1363 3676 Grammatici
1408 3616 1622 3691 Latini,
1678 3618 1778 3697 qui
1824 3620 1999 3681 eitius
2048 3621 2262 3683 coelum
2311 3622 2519 3705 digito,
2567 3636 2638 3686 ut
2685 3628 2768 3688 ita

580 3711 810 3787 loquar,
843 3721 1308 3790 expugnassent,
1354 3730 1535 3791 quam
1576 3722 1648 3773 ut
1688 3714 1988 3776 minimam
2039 3718 2269 3779 Horatii
2325 3721 2497 3783 Oden
2528 3742 2767 3805 expres-

583 3802 821 3879 sissent,
849 3802 1213 3885 Morologias
1254 3808 1313 3866 in
1343 3807 1559 3869 Plauto
1589 3809 1874 3880 dixerint:
1919 3813 2184 3875 nondum
2208 3816 2401 3890 viden,
2425 3838 2610 3898 quare
2640 3822 2766 3882 Ho-

579 3899 751 3971 ratio,
805 3910 873 3960 ut
928 3921 1155 3963 summo
1202 3904 1573 3985 maximoque
1631 3906 1852 3983 Poetae,
1910 3910 1995 3969 ita
2038 3911 2260 3973 Critico
2305 3914 2768 3994 incomparabili,

582 4013 757 4072 quem
796 4007 1034 4058 acutum
1083 3997 1441 4080 doctumque
1466 4002 1672 4063 Virum
1698 4005 1823 4084 ipse
1860 4006 1937 4066 D.
1968 4006 2364 4089 Hieronymus
2391 4009 2468 4069 ad
2495 4010 2768 4073 Pamma-

583 4088 779 4149 chium
806 4092 1060 4165 vocavit,
1087 4092 1244 4154 idem
1272 4112 1392 4155 non
1435 4095 1686 4158 licuerit.
1771 4100 1914 4179 Ejus
1965 4121 2108 4163 sane
2155 4106 2384 4183 generis
2427 4116 2587 4180 sunt,
2629 4128 2767 4187 quoe

584 4182 645 4241 in
665 4183 1067 4267 ⁸Aristophane
1118 4199 1381 4267 accusat,
1427 4211 1682 4274 quaeque
1731 4196 1982 4261 trivialia
2027 4200 2248 4279 potius,
2291 4206 2470 4281 quam'
2515 4214 2584 4264 ut
2611 4202 2764 4267 Viris
