3234 4934
1335 469 1747 520 enatum-10.
2544 459 2627 522 19

427 611 775 676 notabam.
851 609 1034 676 Nam
1061 629 1272 694 neque
1299 613 1528 694 nuperi
1559 611 1707 696 ejus
1728 609 2017 678 editores
2046 611 2129 676 cl.
2156 611 2546 680 Schmieder
2562 635 2627 681 a.

437 713 633 778 1794.
664 718 735 778 et
765 713 853 777 cl.
904 712 1120 777 Bothe
1149 711 1341 778 1806.
1384 733 1615 797 neque.
1659 713 1797 790 alii,
1858 717 1975 797 qui
2022 727 2178 779 ante
2228 716 2397 780 istos
2444 718 2625 782 viros

439 813 870 879 doctissimos
897 815 984 879 de
1027 815 1337 880 Terentio
1364 815 1627 880 edendo
1672 823 1742 881 et
1786 817 2183 881 illustrando
2210 819 2377 882 bene
2406 821 2629 882 meriti

444 923 618 994 sunt,
649 917 950 982 codicem
982 916 1358 980 laudarunt.
1445 917 1731 981 Bothius
1763 937 1881 982 sex
1913 918 2183 984 codices
2206 922 2625 1003 manuscrip-

441 1026 575 1097 toS,
603 1036 842 1100 nempe
899 1024 1034 1082 tres
1092 1018 1587 1096 BerolinenseS,
1640 1018 1807 1082 duos
1858 1017 2509 1104 GuelpherbytanoS,
2561 1029 2631 1085 et

440 1139 646 1184 unum
679 1119 1298 1184 Helmstadiensem
1318 1120 1406 1185 ad
1426 1119 1883 1206 adornandam
1910 1120 2269 1186 editionem
2293 1140 2487 1187 suam
2510 1121 2631 1187 ad-

439 1222 678 1286 hibuit.
767 1220 837 1285 N
841 1241 929 1285 on
960 1222 1162 1286 credo
1198 1222 1568 1286 Halensem
1595 1220 1945 1303 despectui
1976 1221 2043 1284 ei
2070 1221 2363 1287 futurum
2390 1223 2629 1302 fuisse,

441 1323 504 1388 si
528 1323 612 1386 de
639 1341 724 1386 eo
753 1320 1010 1406 aliquid
1037 1322 1240 1388 fando
1269 1323 1661 1388 audivisset.
1750 1321 1998 1388 Extare
2051 1323 2357 1388 codicem
2383 1323 2631 1390 Teren-

441 1423 523 1488 tii
561 1423 764 1488 Halae
793 1423 864 1486 in
893 1422 1326 1501 bibliotheca,
1359 1445 1510 1511 quae
1537 1433 1645 1489 est
1687 1425 1995 1490 ecclesiae
2044 1425 2115 1490 S.
2147 1424 2412 1504 Μαι-ἰῶ,
2460 1425 2632 1491 indi-

443 1532 676 1590 carant
704 1523 1012 1590 Stiebritz
1038 1525 1109 1588 in
1141 1524 1452 1609 Epitome
1484 1526 1985 1611 Descriptionis
2017 1526 2270 1593 Cir-culi
2325 1527 2556 1594 Salani
2587 1547 2667 1592 a·

445 1626 912 1711 Dreyhauptio
961 1629 1367 1718 conscriptae
1416 1628 1502 1694 T.
1535 1647 1619 1695 11.
1668 1651 1735 1714 p.
1762 1630 1917 1695 293.
1962 1649 2347 1714 quanquam
2390 1634 2634 1713 praeter

445 1729 756 1794 notitiam
785 1733 1020 1798 extare
1063 1729 1158 1795 ibi
1201 1729 1500 1798 Terentii
1557 1731 1863 1796 codicem
1892 1732 2467 1797 membranaceum
2493 1732 2632 1796 4to.

439 1830 606 1895 nihil
631 1831 876 1908 attulit,
903 1836 968 1895 et
989 1849 1225 1896 censor
1251 1831 1562 1898 editionis
1579 1832 2133 1900 Schmiederianae
2164 1835 2234 1898 in
2252 1832 2636 1916 Ephemeri·

445 1932 641 2020 dibus
671 1933 1018 1998 [aiterariis
1041 1931 1436 2014 catholicis,
1469 1939 1504 2011 (
1515 1933 1895 2021 Allgemeine
1928 1933 2195 2000 Literat.
2224 1933 2489 2021 Zeitung
2506 1931 2628 2000 No.

447 2034 596 2100 327.
623 2032 784 2101 Vol.
817 2052 918 2102 lv.
971 2057 1042 2120 p.
1070 2033 1213 2120 37.)
1253 2037 1371 2120 qui
1417 2043 1695 2102 annotat
1738 2045 2139 2120 apparatum
2190 2037 2495 2102 criticum
2545 2037 2633 2100 ab

443 2137 702 2202 editore
729 2138 1108 2220 neglectum
1135 2156 1304 2214 esse,
1330 2155 1715 2221 quanquam
1746 2137 1947 2202 Halae
1976 2137 2199 2202 codex
2227 2137 2363 2200 Ms.
2384 2137 2635 2201 Teren-

447 2238 526 2302 tii
551 2239 930 2323 reperiatur.
1020 2239 1214 2304 Binis
1245 2239 1352 2303 his
1397 2240 1687 2304 testibus
1718 2241 2024 2324 exceptis
2070 2239 2293 2304 nullus
2336 2239 2496 2305 mihi
2536 2238 2635 2302 in-

445 2341 684 2418 notuit,
715 2341 838 2426 qui
866 2341 1170 2406 codicem
1202 2340 1526 2422 laudavit.

435 2487 445 2494 -
535 2441 944 2526 Priusquam
974 2444 1354 2522 consilium,
1378 2446 1560 2528 quod
1589 2447 1663 2510 in
1702 2447 1833 2512 hoc
1862 2465 2062 2530 opere
2090 2445 2233 2522 inii,
2252 2443 2637 2509 accuratius

443 2543 758 2622 indicem,
785 2544 1046 2614 ,codicis
1072 2545 1448 2626 historiam,
1475 2547 1792 2625 indolem,
1820 2545 2311 2630 antiquitatem,
2366 2553 2437 2610 et
2467 2559 2638 2628 prae-

449 2647 756 2712 stantiam
801 2645 1203 2711 describam.
1315 2649 1471 2714 Fuit
1521 2649 1793 2733 quidem
1837 2649 2078 2726 codex,
2126 2654 2204 2712 ut
2256 2667 2347 2712 ex
2396 2645 2640 2711 notitia

447 2746 732 2832 praefixa
761 2756 1024 2812 certum
1049 2751 1177 2826 est,
1226 2749 1385 2813 olim
1433 2751 1777 2833 peculium
1837 2750 2120 2814 Henrici
2176 2747 2638 2829 Ellenbergeri,

445 2851 784 2932 utriusque
817 2847 1186 2914 Medicinae
1212 2851 1562 2928 DoctoriS,
1601 2858 1674 2914 et
1705 2849 2045 2916 Archiatri
2072 2848 2410 2934 quondam
2453 2867 2641 2914 reve·-

446 2950 838 3016 rendissimi
891 2971 976 3016 ac
1021 2953 1429 3017 serenissimi
1475 2953 1811 3036 principis
1864 2952 2223 3017 Christiani
2267 2949 2641 3026 Wilhelmi,

439 3048 970 3136 Archiepiscopi
1013 3050 1550 3134 Magdeburgici,
1605 3052 1723 3136 qui
1768 3051 2136 3116 secundum
2190 3050 2640 3115 Stiebritzium

448 3151 493 3215 l.
513 3169 574 3219 c.
592 3151 675 3216 Τ.
695 3169 744 3216 1.
765 3173 834 3236 p.
849 3153 1000 3218 195.
1017 3161 1088 3218 et
1107 3153 1259 3219 259.
1279 3152 1364 3218 ad
1385 3154 1786 3237 dignitatem
1806 3153 2425 3236 archiepiscopatus
2444 3171 2638 3216 evec-

453 3258 560 3320 tus
589 3258 698 3320 est
724 3273 790 3319 a.
819 3255 1011 3320 1609.
1041 3263 1347 3320 mortuus
1377 3273 1442 3321 a.
1479 3256 1672 3322 1665.
1762 3257 1873 3320 Ex
1920 3254 2365 3338 Ellenbergeri
2408 3273 2641 3337 nempe

452 3357 564 3420 avi
593 3356 704 3420 sui
731 3358 1016 3421 materni
1059 3356 1476 3422 bibliotheca
1517 3358 1823 3422 codicem
1851 3357 1979 3421 sibi
2011 3355 2423 3440 comparavit
2446 3362 2512 3419 et
2538 3356 2641 3420 bi-

451 3457 804 3523 bliothecae
835 3457 1074 3542 patriae
1105 3459 1332 3524 inferri
1357 3461 1623 3524 curavit
1646 3459 1969 3524 Melchior
1993 3457 2238 3535 Redel,
2260 3457 2493 3524 consul
2523 3477 2645 3540 par

451 3561 620 3637 triae,
648 3561 782 3625 hoc
809 3579 1080 3626 munere
1107 3562 1384 3627 functus
1414 3581 1480 3627 a.
1509 3560 1944 3628 1667...1690.
1976 3567 2049 3624 et
2072 3567 2374 3626 mortuus
2405 3558 2601 3625 1691.

534 3658 861 3728 Continet
887 3663 1106 3728 codex
1137 3663 1432 3747 scriptus
1482 3663 1550 3728 in
1592 3663 1978 3727 membrana
2007 3661 2177 3728 satis
2209 3679 2463 3736 crassa,
2502 3659 2642 3723 for-

459 3779 597 3837 ma,
629 3781 831 3845 quam
862 3770 1131 3843 vocant,
1175 3770 1196 3799 ‘
1217 3764 1383 3829 solio
1428 3763 1713 3843 minori,'
1747 3763 1815 3828 in
1861 3762 2329 3846 quaterniones
2366 3779 2511 3825 com
2518 3760 2644 3843 pli-

453 3867 629 3940 cata,
655 3861 944 3928 Terentii
976 3863 1363 3930 Comoedias
1387 3883 1538 3942 sex,
1555 3863 1743 3930 nullo
1770 3885 2080 3931 versuum
2106 3862 2467 3930 interstitio
2497 3863 2644 3926 sive

440 3964 690 4049 junctis
708 3965 1039 4050 versibus,
1092 3973 1337 4049 praeter
1364 3973 1821 4050 argumentum
1848 3973 1918 4032 et
1946 3961 2290 4052 prologum
2338 3960 2641 4040 Andriae,

454 4065 802 4148 prologum
853 4065 1184 4145 Eunuchi,
1231 4075 1436 4152 atque
1497 4067 1872 4136 Heautont.
1924 4067 2081 4135 Act.
2116 4085 2197 4132 ιι.
2248 4066 2366 4130 Sc.
2394 4066 2459 4128 4.
2502 4081 2641 4128 ves·

453 4166 686 4231 1-14,
715 4187 875 4251 quae
905 4169 1134 4233 omnia
1158 4171 1467 4235 versibus
1495 4171 1718 4236 divisa
1742 4177 1919 4236 sunt.
2008 4173 2346 4236 Lacunam
2372 4173 2643 4238 unicam

455 4269 526 4334 in
557 4267 876 4338 Eunucho
919 4269 1180 4336 videsis
1230 4290 1383 4355 pag.
1413 4271 1787 4342 224—232.
1817 4273 2023 4357 hujus
2060 4291 2271 4350 novae,
2308 4273 2635 4343 editionis.
