3234 4934
901 371 996 416 ns
1044 368 1380 417 uxr-ross
1428 366 1667 417 murm
1716 370 2214 423 masuram.
2528 360 2657 428 199

633 506 726 569 Ne
750 500 864 573 boc
890 512 1128 590 quidem
1153 512 1372 573 tacebit
1399 512 1711 573 Parmeno.
1794 514 1893 574 oh
1921 514 2241 576 dubiumne
2266 515 2329 575 id
2356 517 2495 577 est?

633 606 710 663 Et
737 607 906 667 simul
937 610 1242 668 conficiam
1271 609 1500 669 facilius
1530 627 1645 689 ego
1672 611 1835 689 quod
1864 613 2017 673 volo.

629 700 860 764 Praesto
881 705 1039 783 apud
1067 724 1160 764 me
1186 725 1320 765 esse
1351 706 1552 765 aiunt:
1595 718 1828 785 egomet
1852 708 2133 769 convivas
2162 729 2373 771 moror.

626 798 844 857 Tamen
875 801 967 859 vix
997 800 1251 860 humane
1279 802 1517 880 patitur,
1543 821 1743 862 verum
1774 804 1825 863 si
1854 824 2121 885 augeam.

465 918 735 979 Muretus
763 918 1020 999 quidem,
1047 932 1114 981 ut
1139 919 1293 981 banc
1326 919 1623 981 licentiam
1651 921 1917 1003 effugiat,
1945 923 2123 1004 legit:
2168 927 2375 987 Tameia
2404 928 2651 987 humane

463 1016 560 1073 vix
596 1018 1002 1093 patitur——
1031 1016 1135 1077 sed
1162 1016 1220 1075 in
1251 1015 1430 1075 nullis
1462 1016 1614 1077 Mss.
1642 1018 1727 1077 ita
1755 1016 1989 1099 legitur,
2034 1040 2223 1100 neque
2252 1022 2460 1083 Latina
2488 1025 2649 1085 vide-

460 1118 555 1168 tur
581 1129 652 1170 ea
679 1112 986 1171 verborum
1013 1111 1345 1171 collocatio.
1432 1112 1509 1171 Et
1545 1122 1704 1172 certe
1748 1133 2085 1194 quanquam
2132 1116 2470 1195 frequentes
2515 1116 2647 1179 istae

459 1202 581 1264 sive
611 1206 946 1267 collisiones
977 1209 1099 1268 sive
1130 1207 1407 1268 elisiones
1438 1206 1799 1287 syllabarum
1829 1210 2057 1271 illorum
2104 1212 2341 1272 auribus
2391 1213 2647 1274 insolitae

457 1300 788 1374 videantur,
829 1304 930 1381 qui
974 1305 1174 1363 omnia
1215 1303 1292 1363 ad
1321 1304 1659 1381 Augustani
1702 1305 1813 1365 aevi
1860 1324 2123 1366 normam
2152 1307 2386 1387 exigere
2415 1309 2645 1378 solent:

455 1412 573 1454 non
601 1398 876 1457 absurdae
899 1408 1090 1460 tamen
1116 1399 1186 1459 iis
1211 1397 1582 1471 videbuntur,
1605 1398 1707 1477 qui
1732 1398 1823 1458 vel
1850 1400 2102 1459 Enniani
2132 1400 2337 1462 saeculi
2364 1401 2645 1481 reliquias

455 1488 682 1569 legunt,
715 1492 816 1569 ,vel
857 1495 1198 1573 popularem
1247 1490 1527 1572 loquendi
1572 1512 1813 1568 morem,
1856 1514 2029 1575 quem
2077 1515 2258 1578 supra
2298 1499 2647 1558 memoravi-

452 1604 605 1660 mus,
633 1588 812 1666 paulo
841 1592 1121 1651 attentius
1151 1589 1568 1651 considerant:
1611 1610 1723 1651 nec
1751 1592 2005 1653 fortasse
2035 1588 2418 1665 mirabuntur,
2448 1593 2499 1654 si
2524 1594 2642 1674 pri-

451 1700 603 1742 mam
633 1684 921 1765 syllabam
949 1686 1032 1760 in,
1060 1687 1182 1759 ille,
1213 1687 1358 1766 ipse,
1390 1688 1522 1762 iste,
1547 1692 1663 1749 «stc.
1705 1689 1797 1749 vel
1845 1687 2109 1748 ultimam
2152 1688 2237 1759 in,
2281 1688 2437 1761 vide,
2478 1708 2642 1762 cave,

438 1776 605 1857 jube,
635 1780 816 1854 domi,
843 1781 988 1854 heri,
1013 1788 1142 1844 διο..
1171 1803 1334 1862 saepe
1360 1796 1689 1863 correptam
1716 1782 1977 1844 videant.
2060 1784 2157 1843 Ob
2189 1783 2437 1845 eandem
2465 1786 2641 1846 etiam

447 1875 730 1937 rationem
762 1896 920 1956 saepe
950 1879 1072 1938 fleri
1103 1880 1256 1938 solet
1283 1889 1370 1951 ut,
1397 1878 1516 1951 Dii,
1555 1878 1742 1949 Deos,
1770 1878 1873 1951 ait,
1903 1879 2049 1950 scio,
2073 1878 2235 1952 mihi,
2263 1900 2450 1953 meus,
2478 1892 2641 1953 tuus,

448 1988 590 2030 suus
619 1976 1088 2051 (nonnunquam,
1120 1974 1222 2032 tibi
1247 1984 1310 2033 et
1337 1972 1470 2045 sibi,
1513 1981 1582 2032 ut
1624 1982 1797 2051 putat
1835 1974 2125 2049 Faernus)
2169 1974 2229 2031 in
2258 1993 2436 2034 unam
2460 1974 2640 2055 sylla-

443 2066 583 2126 bam
606 2066 1051 2142 contrahuntur‚
1080 2078 1186 2127 aut
1211 2088 1344 2141 vox,
1374 2068 1521 2143 jam,
1551 2067 1609 2125 in
1644 2066 1793 2127 duas
1821 2067 2192 2128 extendatur.
2270 2069 2342 2127 In
2370 2071 2636 2142 vocibus,

443 2163 592 2241 ejus,
621 2163 818 2243 hujus,
847 2163 1038 2244 cujus,
1075 2175 1217 2225 sunt
1248 2165 1350 2244 qui
1385 2164 1633 2243 primam
1676 2162 1965 2243 syllabam
2008 2161 2457 2244 corripiendam,
2506 2172 2565 2225 et
2604 2184 2633 2224 s

441 2260 619 2320 finale
645 2261 705 2319 in
735 2261 998 2323 secunda
1023 2260 1382 2331 elidendum,
1423 2269 1562 2319 ante
1606 2277 1953 2333 consonam,
1994 2279 2155 2319 more
2198 2260 2465 2339 antiquo,
2495 2280 2635 2321 cen·

441 2370 607 2418 seut:
650 2378 900 2438 quorum
949 2359 1300 2420 sententiam
1347 2356 1460 2415 etsi
1505 2375 1625 2415 non
1667 2375 1907 2435 prorsus
1951 2355 2369 2435 improbamus,
2417 2356 2631 2417 melius

438 2461 634 2513 tamen
664 2456 855 2514 versui
883 2454 1112 2514 consuli
1152 2472 1331 2532 posse
1379 2471 1715 2523 censemus,
1758 2452 1808 2511 si
1836 2470 1924 2511 eae
1952 2469 2127 2511 voces
2154 2450 2217 2509 in
2246 2470 2424 2509 unam
2452 2448 2633 2529 sylla-

438 2548 572 2607 bam
599 2549 750 2609 inter
776 2548 1274 2630 pronuntiandum
1303 2546 1749 2621 contrahantur,
1789 2546 1940 2606 adeo
1966 2558 2035 2605 ut
2060 2544 2271 2606 eodem
2298 2546 2419 2607 fere
2448 2546 2627 2606 modo

433 2644 804 2723 proferantur
829 2665 950 2725 quo
980 2643 1138 2723 apud
1167 2642 1420 2721 Anglos‚
1447 2641 1540 2701 his
1569 2652 1633 2701 et
1657 2642 1859 2701 whose
1883 2662 1899 2702 :
1941 2653 2043 2702 ut:

515 2742 579 2801 Si
605 2741 770 2802 illum
800 2742 1088 2821 relinquo,
1125 2740 1254 2819 ejus
1281 2740 1418 2799 vitae
1446 2738 1662 2809 timeo:
1706 2738 1796 2797 sin
1827 2738 2101 2817 opitulor,
2128 2735 2304 2817 hujus
2333 2738 2543 2797 minas.

434 2836 902 2915 Interjectiones,
933 2836 1171 2917 jurandi
1221 2836 1517 2907 adverbia,
1565 2847 1627 2894 et
1669 2853 1847 2895 voces
1892 2834 2151 2905 fictitias,
2200 2853 2307 2914 pro
2344 2832 2509 2892 libitu
2538 2836 2627 2893 lo-

434 2932 669 3010 quentis
698 2932 792 2992 vel
816 2931 1063 3012 produci
1092 2931 1184 2991 vel
1213 2931 1447 3009 corripi,
1469 2930 1598 3008 ipsa
1619 2929 1860 2989 comicae
1890 2928 2204 2990 locutionis
2234 2928 2383 2989 ratio
2412 2926 2627 2987 suadet

429 3038 498 3087 ut
525 3024 800 3094 credam:
845 3044 1038 3105 neque
1082 3044 1232 3103 opus
1275 3043 1427 3095 esse,
1473 3033 1538 3082 ut
1575 3042 1682 3101 pro
1722 3031 1787 3083 at
1814 3032 1883 3083 at
1921 3024 2208 3083 scribatur
2232 3031 2298 3083 at
2322 3030 2387 3081 at
2414 3029 2499 3093 at,
2529 3026 2624 3083 vel

429 3124 589 3203 aepol
603 3142 717 3202 pro
745 3123 962 3202 edepol,
1003 3142 1138 3201 quae
1170 3140 1282 3181 vox
1313 3140 1472 3201 soepe
1509 3120 1753 3199 primam
1780 3118 2018 3198 corripit
2042 3116 2202 3197 apud
2230 3118 2388 3177 hunc
2416 3128 2624 3177 aucto-

427 3238 569 3279 rem.
653 3218 846 3279 Nemo
897 3236 1015 3278 non
1068 3220 1342 3279 observat
1388 3234 1565 3276 voces
1613 3234 1745 3276 esse
1796 3213 2085 3295 quasdam
2141 3234 2277 3293 quae
2326 3212 2619 3273 diversam

424 3317 816 3394 quantitatem
843 3314 1004 3396 apud
1032 3316 1280 3377 diversoe
1309 3313 1502 3375 aetatis
1532 3314 1845 3392 scriptores
1872 3313 2133 3373 habent:
2176 3310 2262 3370 sic
2302 3328 2437 3382 vox,
2483 3328 2618 3369 sus·-

422 3413 598 3491 pici0,
634 3423 841 3472 contra
865 3431 1197 3473 mensuram
1225 3408 1590 3483 hodiernam,
1617 3411 1963 3488 plerumque
1991 3406 2150 3487 apud
2180 3415 2445 3467 nostrum
2474 3423 2616 3464 auc·

423 3518 608 3567 torem
639 3506 960 3567 secundam
987 3506 1278 3586 syllabam
1308 3505 1623 3584 producit:
1664 3504 1828 3584 quod
1855 3524 1929 3563 ne
1958 3506 2143 3575 fieret,
2188 3500 2507 3561 Goveanus
2552 3502 2613 3559 in

422 3602 550 3681 ejus
597 3602 794 3661 locum
839 3604 1099 3680 reposuit
1145 3603 1475 3682 surpatio,-
1517 3599 1624 3661 sed
1672 3601 1798 3661 sine
1850 3599 2100 3671 ratione,
2140 3596 2461 3658 cumidem
2488 3596 2613 3657 fieri

421 3696 626 3761 videas
655 3695 814 3777 apud
848 3694 1123 3755 Plautum
1149 3717 1165 3757 :

661 3824 739 3883 Et
769 3842 843 3882 ue
871 3822 933 3881 in
962 3820 1295 3901 suspicione
1320 3830 1574 3902 ponatur
1597 3821 1822 3901 stupri:
1866 3818 2079 3899 Amph.
2112 3839 2161 3880 1.
2191 3818 2248 3878 2.
2278 3818 2380 3878 27.

656 3920 1032 4001 Suspiciones
1062 3937 1265 3978 omnes
1296 3920 1370 3979 ab
1401 3936 1465 3979 se
1496 3927 1811 3998 segreget:
1855 3916 2021 3977 Asin.
2054 3935 2148 3975 ιν.
2184 3916 2238 3973 1.
2268 3914 2367 3973 29.

419 4049 494 4111 Et
521 4047 679 4129 apud
711 4047 1026 4109 Phoedrum
1051 4048 1111 4107 in
1141 4045 1396 4125 Prologo
1425 4046 1524 4107 lib.
1556 4065 1669 4107 ιιι.

657 4158 1006 4242 Suspicione
1033 4158 1217 4239 siquis
1246 4157 1460 4219 errabit
1487 4175 1614 4216 sua.
