3234 4934
671 401 803 467 254
913 414 1298 466 almanus
1348 414 1773 465 susumus
1820 416 1919 465 nn
1966 414 2249 467 Murrus
2291 418 2617 469 masur.

913 559 1134 617 Δονλόν
1163 560 1436 633 ’γενεσθαι
1459 558 1938 638 πᾶραφρονονντοσ
1961 559 2251 622 δίωτον.

675 658 828 719 Cum
856 651 1190 733 Euripides,

913 751 1044 811 Hx&
1071 776 1279 831 νεκρυν
1307 753 1594 829 κευθμῶνα
1622 774 1713 810 και
1744 756 1937 811 exoro&
1963 756 2161 811 πυλαε.

675 849 830 910 idem
859 848 1223 911 admiserunt
1243 850 1307 909 in
1333 850 1554 909 Δουλόν
1581 856 1647 905 et
1674 846 1831 917 Ηκῶ,
1859 845 2023 925 quod
2050 846 2270 906 Noster
2294 846 2377 919 iu,
2404 844 2635 907 Malum
2660 856 2722 909 et
2746 868 2869 911 om-

679 946 826 1007 nes:
865 946 976 1024 ipsi
997 945 1154 1005 enim
1183 943 1323 1007 alibi
1347 944 1598 1024 priorem
1628 949 1871 1013 acuunt,
1896 941 2118 1001 Δοῦλον
2142 952 2203 1001 et
2226 942 2399 1001 Ἥκω.

761 1044 832 1102 In
863 1039 1130 1102 secunda
1169 1040 1349 1121 igitur
1374 1037 1616 1100 trimetri
1642 1034 1872 1115 διιοδίᾳ
1912 1036 2029 1097 boc
2072 1036 2149 1097 de
2174 1055 2297 1115 quo
2324 1038 2554 1117 agimus
2582 1056 2703 1098 non
2730 1039 2870 1101 lice.

677 1143 798 1201 bat.
879 1136 1111 1198 Gellius
1161 1153 1371 1196 xvrn.
1427 1138 1522 1195 15.
1563 1139 1580 1169 ‘
1605 1134 1677 1193 In
1728 1133 1972 1194 senariis
2018 1133 2287 1195 versibus
2334 1133 2871 1195 animadverterunt

677 1235 902 1301 metrici
928 1234 1082 1294 duos
1110 1233 1326 1312 primos
1354 1230 1561 1311 pedes,
1600 1230 1743 1290 item
1770 1238 2061 1289 extremos
2082 1228 2257 1302 duos,
2298 1228 2513 1289 habere
2540 1248 2719 1309 posse
2746 1232 2869 1289 sin·

679 1333 856 1413 gulos
883 1330 1144 1409 integras
1172 1338 1370 1408 partes
1398 1324 1703 1399 orationis,
1743 1324 1969 1386 medios
1996 1324 2161 1385 haud
2202 1344 2465 1405 unquam
2505 1344 2721 1405 posse:
2762 1327 2871 1387 sed

677 1438 954 1489 constare
999 1444 1104 1485 eos
1143 1442 1372 1504 semper
1413 1442 1488 1483 ex
1515 1422 1707 1481 verbis
1736 1430 1843 1482 aut
1866 1421 2073 1481 divisis
2100 1430 2205 1482 aut
2230 1420 2427 1481 mixtis
2456 1432 2633 1501 atque
2661 1422 2870 1483 confu-

683 1526 808 1586 sis?
887 1522 1121 1591 Quotus
1148 1520 1401 1599 quisque
1441 1518 1560 1595 hoc
1608 1517 1705 1577 vel
1756 1516 2095 1595 intelligat?
2134 1515 2355 1577 nedum
2382 1528 2451 1577 ut
2478 1518 2741 1579 senarios
2768 1538 2874 1597 per

675 1618 945 1698 singulos
986 1615 1170 1697 pedes
1217 1612 1562 1674 scandendo
1603 1622 1839 1690 tempus
1882 1614 1941 1671 in
1980 1612 2097 1673 hac
2122 1613 2533 1675 observatione
2560 1612 2871 1673 conterati

679 1718 762 1775 At
786 1715 844 1774 in
873 1721 1078 1773 nostra
1099 1708 1358 1771 editione
1385 1706 1481 1768 vel
1507 1707 1669 1767 aliud
1698 1708 2007 1786 agentibus
2035 1707 2097 1766 in
2124 1709 2333 1769 oculos
2360 1709 2637 1779 incurrit:
2668 1708 2871 1771 simul·

678 1829 796 1889 que
823 1807 992 1879 ratio,
1033 1824 1211 1886 quam
1237 1804 1464 1866 men-ici
1487 1802 1588 1864 isti
1613 1814 1837 1877 tacent,
1876 1805 2055 1884 plane
2080 1816 2349 1886 apparet.
2432 1806 2566 1868 Hoc
2594 1806 2679 1865 illi
2708 1804 2871 1865 volu·

677 1914 888 1975 erunt3
931 1904 992 1963 in
1018 1902 1112 1961 his
1137 1911 1203 1963 et
1225 1900 1517 1962 similibus
1545 1900 1832 1963 senariis:

917 2013 1098 2073 Venit
1123 2012 1406 2072 Chremes
1433 2010 1722 2092 postridie
1749 2010 1827 2071 ad
1854 2030 1950 2072 me
1978 2012 2309 2073 clamitans.

919 2108 1339 2187 Mansuetique
1365 2106 1544 2167 animi
1571 2108 1787 2183 officia,
1815 2106 1960 2186 quid
1985 2106 2185 2167 multis
2212 2125 2441 2168 moror:

679 2222 831 2282 duos
859 2220 1078 2302 primos
1106 2220 1377 2298 duosque
1405 2230 1739 2300 postremos
1785 2219 1968 2299 pedes
2016 2217 2267 2297 singulis
2312 2219 2504 2278 verbis
2552 2217 2773 2289 claudi,
2812 2225 2875 2277 et

679 2328 878 2379 recte:
921 2324 986 2376 at
1026 2313 1239 2395 pedem
1282 2314 1518 2374 tertium
1560 2323 1908 2393 quar-tumve
1951 2330 2071 2371 non
2098 2332 2277 2391 posse
2302 2321 2482 2373 recte.
2566 2312 2687 2372 Cur
2714 2310 2874 2373 hoc?

679 2414 819 2493 quia
844 2423 970 2471 tum
997 2424 1242 2469 necesse
1268 2414 1382 2479 est,
1423 2415 1494 2466 ut
1534 2406 1689 2467 ictus
1733 2406 1791 2466 in
1830 2406 2068 2467 ultimas
2098 2406 2357 2487 syllabas
2386 2407 2645 2476 cadant;
2689 2407 2873 2486 quod,

682 2517 752 2566 ut
778 2505 918 2578 dixi,
960 2505 1018 2563 in
1056 2502 1245 2584 prima
1283 2501 1604 2581 ultimaque
1634 2502 1862 2581 διποδίᾳ
1890 2501 2045 2565 solet
2072 2502 2237 2571 fieri:
2278 2504 2338 2562 in
2366 2502 2560 2563 media
2586 2524 2693 2565 nec
2720 2503 2877 2564 solet

547 2644 554 2651 -
678 2612 742 2661 et
768 2601 865 2660 vix
893 2616 1154 2678 unquam
1181 2597 1343 2658 licet.
1427 2598 1752 2659 Rarissime
1798 2598 1995 2679 igitur,
2047 2598 2230 2659 semel
2274 2610 2453 2679 atque
2491 2602 2721 2673 iterum,
2766 2598 2873 2659 sed

680 2714 897 2777 magno
927 2693 1237 2756 sententiae
1264 2694 1448 2766 lucro,
1491 2695 1730 2755 admisit
1753 2694 1869 2756 hoc
1898 2696 1957 2753 in
1985 2694 2260 2756 trimetris
2286 2696 2630 2757 Terentius:

997 2802 1305 2865 Persuasit
1329 2822 1468 2879 nox,
1501 2805 1686 2879 amor,
1712 2805 1935 2879 vinum,
1966 2806 2387 2869 adolescentia.
2448 2844 2453 2849 ·

1001 2896 1270 2959 Scelesta
1295 2898 1464 2960 ovem
1494 2898 1638 2980 lup6
1665 2901 1970 2964 commisi:
2012 2902 2315 2983 dispudet.

683 3011 838 3071 Nam
864 3008 1036 3083 illud,

995 3104 1194 3165 Nosse
1220 3104 1420 3167 omnia
1443 3106 1577 3167 hoec
1605 3107 1769 3167 salus
1798 3118 1893 3169 est
1916 3106 2413 3183 adolescentibus,

681 3218 740 3275 in
768 3215 884 3275 bae
910 3214 1170 3275 editione
1195 3216 1382 3277 saluts·
1409 3225 1522 3277 est.
1605 3216 1953 3275 Notandum
1992 3234 2233 3295 quoque
2277 3218 2362 3293 in,
2408 3218 2590 3293 amor,
2616 3232 2681 3282 et
2706 3220 2874 3303 lupo,

681 3309 934 3389 priorem
976 3310 1214 3371 brevem
1261 3327 1417 3382 esse,
1457 3318 1520 3369 et
1559 3328 1634 3370 ex
1678 3309 1922 3370 musicoe
1962 3311 2284 3372 rationibus
2328 3312 2413 3373 ita
2452 3326 2761 3394 oportere3
2806 3328 2873 3377 ut

682 3403 841 3483 apud
872 3404 1204 3477 Horatium,

1003 3516 1136 3577 Jam
1157 3516 1285 3596 jam
1311 3516 1538 3577 efficaci
1563 3515 1645 3577 do
1672 3517 1885 3577 manus
1912 3514 2197 3577 scientiss-

1000 3612 1097 3671 Ad
1124 3611 1446 3692 pervicacis
1472 3611 1590 3673 heu
1615 3611 1803 3695 pedes
1836 3612 2107 3674 Achillei.

685 3722 762 3783 Et
790 3721 1053 3783 similiter
1077 3722 1140 3783 in
1168 3725 1348 3785 verbo
1371 3724 1681 3807 trisyllabo
1704 3724 1857 3786 duos
1883 3726 2036 3787 ictus
2064 3725 2401 3805 recipiente,
2442 3725 2493 3787 si
2519 3726 2582 3788 id
2610 3725 2867 3787 διτοδίιιν

683 3817 1043 3879 trochaicam
1071 3819 1331 3894 inchoat,
1371 3820 1570 3882 media
1605 3822 1717 3882 erit
1740 3842 1815 3883 ex
1839 3832 1963 3883 arte
1990 3822 2225 3883 brevis:

844 3929 976 3992 Nisi
1001 3933 1105 4013 pol
1129 3932 1314 3995 filium
1341 3933 1709 3997 multimodis
1738 3934 1969 4017 expetO,
1998 3943 2067 3995 ut
2092 3932 2298 3996 redeat
2324 3932 2583 3995 domum.

683 4044 779 4103 Ita
803 4054 962 4105 recte
987 4044 1085 4104 hic
1111 4044 1358 4120 editum,
1402 4065 1526 4107 non
1572 4056 1807 4129 espec-to
1828 4071 1853 4116 ,-
1892 4058 1960 4109 ut
2008 4057 2070 4109 et
2111 4047 2228 4108 alia
2253 4045 2522 4127 plurima,
2564 4066 2699 4125 quae
2726 4056 2865 4107 ante

685 4158 794 4201 nos
821 4140 1034 4203 vitiosa
1060 4140 1416 4217 ferebantur,
1456 4142 1520 4203 in
1547 4144 1707 4205 omni
1734 4164 2005 4206 versuum
2031 4162 2247 4225 genere
2271 4141 2367 4202 hie
2394 4142 2781 4221 corriguntur.
