3234 4934
1017 432 1116 483 D}
1163 432 1215 481 Μ
1229 430 1446 483 arms
1489 430 2037 483 Tnnnnwlams.
2484 418 2617 487 πθ

549 634 952 700 VARIETAS
1015 632 1517 697 METRORUM.
1616 634 1965 710 IAMBICI,
2019 632 2495 721 TROCHAICL

511 762 930 835 Quintilianus,
955 761 1220 823 Institut.
1250 762 1422 823 Orat.
1453 781 1521 822 x.
1559 764 1610 822 l.
1640 768 1657 797 ‘
1683 762 1753 821 In
1783 760 2089 823 Comoedia
2115 763 2367 824 maxime
2394 763 2619 825 claudi-

428 858 876 933 camus,--licet
899 860 1238 919 Tnnzuwn
1277 856 1500 936 scripta
1525 856 1602 917 ad
1633 856 1965 938 Scipionem
1992 858 2333 918 Africanum
2360 860 2623 920 referan-

430 965 564 1015 tur:
607 975 740 1033 quae
768 965 968 1014 tamen
995 954 1059 1013 in
1082 954 1199 1015 hoc
1229 972 1444 1032 genere
1473 961 1616 1013 sunt
1642 952 2117 1032 elegantissima;
2159 964 2222 1013 et
2262 954 2397 1033 plus
2425 954 2623 1017 adhuc

430 1050 703 1109 habitura
749 1050 976 1129 gratiae,
1019 1048 1070 1109 si
1117 1050 1274 1107 iutra
1313 1067 1521 1108 versus
1569 1048 1857 1109 trimetros
1886 1048 2229 1110 stetissent’
2308 1048 2621 1110 Mirificum

432 1163 575 1203 sane
613 1143 814 1223 magni
855 1142 1102 1203 rhetoris
1144 1141 1470 1221 judicium!
1550 1142 1817 1223 Optabat
1858 1142 2107 1219 scilicet,
2146 1154 2214 1205 ut
2242 1142 2482 1204 Fabulae
2508 1145 2623 1204 Te·

428 1238 736 1311 rentianoe,
777 1258 914 1317 quse
954 1238 1012 1298 in
1057 1237 1243 1317 primo
1273 1236 1561 1317 cujusque
1589 1246 1731 1298 actu
1758 1249 1820 1298 et
1845 1257 2027 1299 scena
2053 1258 2090 1298 a
2115 1238 2391 1300 trimetris
2418 1238 2625 1299 incho-

432 1344 626 1407 antur,
667 1334 878 1393 eodem
903 1342 1090 1392 metro
1119 1352 1191 1392 ac
1219 1342 1426 1393 tenore
1454 1352 1560 1411 pet
1601 1352 1811 1393 omnes
1857 1342 2025 1393 actus
2071 1352 2399 1412 scenasque
2442 1332 2628 1395 decu-

430 1428 772 1490 currissent.
845 1426 1132 1488 Crederes
1160 1429 1428 1507 profecto
1455 1428 1755 1489 hominem
1783 1446 2086 1506 nunquam
2115 1446 2353 1488 scenam
2379 1427 2627 1501 vidisse,

431 1543 736 1601 nunquam
782 1522 1112 1583 comoedum
1160 1533 1359 1602 partes
1391 1543 1530 1584 suas
1559 1533 1835 1603 agentem
1864 1523 2248 1603 spectavisse.
2331 1521 2491 1591 Quid
2517 1543 2625 1584 vo-

433 1616 590 1676 luit?
628 1614 789 1697 quod
819 1635 928 1676 nec
960 1617 1292 1679 Menander
1318 1638 1427 1679 uec
1457 1617 1614 1678 ullus
1648 1619 1994 1678 Graecorum
2021 1616 2182 1690 fecit,
2220 1617 2528 1677 Terentius
2561 1626 2628 1679 ut

429 1710 696 1771 faceret?
737 1722 803 1770 ut
830 1710 935 1785 ira,
965 1720 1179 1785 metus,
1206 1712 1513 1782 exultatio,
1543 1712 1734 1783 dolor,
1762 1712 2077 1792 gaudium:
2107 1722 2169 1773 et
2195 1713 2413 1791 quietae
2440 1732 2534 1773 res
2563 1724 2627 1774 et

432 1808 703 1879 turbatae,
749 1803 962 1865 eodem
1009 1816 1196 1867 metro
1241 1806 1403 1869 lente
1451 1806 1806 1886 agerentur?
1848 1816 1915 1866 ut
1954 1806 2172 1868 tibicen
2198 1806 2439 1888 paribus
2466 1810 2625 1869 tonis

428 1908 830 1980 perpetuoque
859 1901 1091 1959 cantico
1121 1900 1520 1980 spectantium
1549 1920 1722 1960 aures
1752 1900 1845 1960 vel
1882 1899 2213 1963 delassaret
2238 1902 2333 1963 vel
2362 1902 2630 1965 offende-

435 1994 571 2054 ret?
649 1995 903 2053 Tantum
950 1993 1142 2068 abest,
1181 2005 1251 2054 ut
1294 2013 1365 2056 eo
1408 2004 1588 2073 pacto
1622 1994 1759 2073 plus
1789 1995 1996 2072 gratiss
2020 1993 2297 2055 habitura
2323 2007 2483 2057 esset
2510 1998 2629 2057 Fa-

435 2089 596 2162 bula,
638 2097 724 2162 ut,
752 2087 1130 2167 quantumvis
1153 2088 1306 2148 bene
1333 2096 1582 2161 morata,
1624 2090 2003 2165 quantumvis
2026 2087 2183 2149 belle
2210 2089 2450 2169 scripta,
2490 2110 2630 2169 gra-

433 2182 576 2243 tiam
604 2201 846 2261 prorsus
874 2196 1106 2243 omnem
1132 2181 1511 2261 perdidisset.
1567 2180 1639 2241 Id
1666 2181 1840 2261 primi
1867 2183 2009 2243 artis
2030 2192 2357 2263 repertores
2382 2184 2631 2263 pulchre

432 2277 745 2347 videbant:
787 2276 1166 2338 delectabant
1191 2296 1334 2357 ergo
1356 2277 1639 2339 varietate
1664 2277 1818 2356 ipsa,
1844 2276 2197 2357 diversaque
2222 2282 2329 2353 ἤθη
2356 2282 2447 2338 καὶ
2473 2280 2626 2353 πάθη

435 2372 666 2435 diverso
715 2373 974 2433 carmine
1021 2373 1549 2452 repraesentabant.
1643 2370 1873 2432 Marius
1922 2370 2284 2445 Victorinus,
2330 2394 2393 2453 p.
2442 2376 2629 2436 2500.

436 2476 454 2506 ‘
485 2472 642 2531 Nam
663 2482 724 2531 et
747 2469 1078 2531 Menander
1103 2470 1164 2530 in
1195 2469 1519 2531 Comoediis
1546 2468 1885 2548 frequenter
1912 2487 1951 2529 a
1974 2468 2333 2531 continuatis
2362 2470 2630 2533 iambicis

435 2567 702 2625 versibus
729 2564 805 2625 ad
835 2564 1170 2627 trochaicos
1197 2565 1430 2639 transit,
1457 2574 1520 2624 et
1542 2582 1773 2623 rursum
1801 2562 1882 2623 ad
1904 2564 2189 2627 iambicos
2214 2564 2409 2625 redit!
2486 2568 2629 2627 Non

435 2662 521 2721 ita
546 2670 744 2720 tamen
772 2660 1031 2738 agebant
1055 2659 1322 2731 Veteres,
1361 2669 1432 2718 ut
1477 2658 1554 2717 ab
1594 2676 1719 2718 uno
1760 2657 1823 2715 in
1863 2656 2025 2718 aliud
2062 2656 2241 2741 plane
2267 2662 2629 2722 contrarium

435 2764 676 2835 repente
699 2756 1006 2823 exilirentz
1050 2756 1126 2816 ab
1167 2754 1434 2815 iambicis
1479 2753 1541 2814 in
1591 2752 1957 2833 dactylicos3
2000 2755 2109 2815 sed
2156 2756 2217 2815 iu
2262 2757 2627 2836 propinquos

436 2850 792 2924 trochaicos,
833 2851 966 2931 ipso
1009 2849 1262 2911 transitu
1306 2868 1479 2929 poene
1506 2846 1769 2907 fallente.
1854 2848 2033 2916 Quod
2060 2858 2131 2908 ut
2150 2850 2365 2911 clarius
2388 2851 2631 2930 conspi-

437 2946 648 3019 ciatur,
687 2964 922 3005 omnem
945 2946 1362 3005 Terentianum
1387 2944 1619 3023 copiam
1657 2942 1755 3003 hic
1798 2942 2029 3018 sistam,
2066 2964 2304 3024 unoque
2330 2954 2393 3006 et
2417 2944 2631 3007 eodem

437 3040 593 3120 pede
619 3040 946 3100 ditrochaeo
973 3038 1307 3100 universam
1334 3039 1456 3097 fere
1485 3037 1748 3099 emetiar.

521 3134 679 3196 Illud
703 3146 902 3196 tamen
927 3133 1091 3215 prius
1133 3131 1612 3198 admonendum;
1656 3139 1726 3191 ut
1767 3146 1805 3189 a
1848 3128 2123 3191 trimetris
2166 3150 2307 3193 suas
2351 3134 2629 3209 Fabulas,

438 3231 612 3293 rebus
643 3230 1058 3303 sedatioribus,
1099 3237 1361 3289 nostrum
1403 3226 1754 3294 inchoasse;
1798 3226 1883 3285 ita
1922 3244 2153 3305 semper
2178 3230 2529 3289 tetrametris
2556 3231 2630 3290 fi-

439 3326 640 3396 nisse:
684 3326 844 3406 quod
886 3326 1128 3386 Fabulae
1154 3322 1549 3403 catastrophe,
1589 3342 1728 3382 cum
1756 3341 1849 3381 res
1876 3320 2231 3382 turbulentae
2258 3323 2541 3402 paulatim
2568 3334 2631 3385 et

441 3441 598 3500 oegre
625 3421 1103 3494 consilescerent,
1142 3420 1260 3480 hoc
1288 3418 1562 3479 carminis
1592 3437 1779 3497 genus
1806 3416 2154 3497 postularet,
2182 3437 2398 3497 magno
2426 3419 2631 3499 spiritu

442 3516 886 3577 effundendum.
966 3516 1100 3577 Prae
1129 3516 1402 3575 omnibus
1429 3524 1629 3573 tamen
1657 3512 1940 3574 trochaici
1968 3513 2128 3593 pleni
2154 3514 2386 3573 firmum
2413 3516 2631 3575 actoris

441 3609 598 3671 latus
623 3611 1032 3689 requirebant3
1077 3609 1178 3689 qui
1205 3628 1510 3688 nunquam
1540 3608 1768 3669 scilicet
1791 3607 1907 3668 nisi
1944 3608 2006 3667 in
2033 3608 2287 3669 maximo
2312 3608 2630 3672 affectuum

443 3715 673 3765 tumore
703 3704 986 3773 veniunt3
1024 3703 1322 3778 efferendi,
1349 3723 1492 3775 non,
1521 3714 1590 3764 ut
1619 3704 1860 3784 quidam
1886 3712 2217 3776 autumant,
2242 3704 2411 3765 tarde
2440 3706 2631 3767 lente·

445 3820 582 3882 que,
611 3799 716 3861 sed
744 3800 996 3861 clamore
1025 3818 1273 3871 summo,
1300 3817 1438 3859 cum
1463 3799 1665 3860 labore
1692 3818 1992 3861 maxumo.
2074 3798 2250 3860 Unde
2270 3801 2512 3873 factum,
2540 3810 2628 3875 ut,

445 3916 581 3958 cum
611 3896 758 3957 alias
786 3896 846 3956 iu
875 3892 1100 3972 διποδίᾳ
1124 3893 1390 3973 spondaei
1414 3894 1510 3954 vel
1553 3895 1843 3973 anapaesti
1888 3894 2240 3975 placuerint,
2280 3895 2341 3955 in
2386 3894 2480 3956 his
2506 3904 2631 3957 tro—

445 3992 600 4052 choei
625 3991 716 4051 vel
743 3991 968 4072 dactyli
993 3989 1194 4051 studio
1221 3998 1599 4071 quoerantur:

511 4110 684 4163 Credo
704 4110 942 4177 equidem
964 4110 1221 4174 illumjam
1243 4108 1542 4173 affuturum,
1561 4116 1622 4161 ut
1638 4110 1780 4161 illam
1802 4124 1835 4161 a
1855 4124 1937 4161 me
1958 4110 2147 4175 eripiat
2166 4125 2183 4161 ε
2217 4110 2327 4161 sine
2353 4111 2528 4163 veniat
2614 4149 2623 4157 .

515 4190 692 4257 Atqui,
723 4192 766 4243 si
789 4191 929 4243 illam
951 4188 1116 4256 digito
1137 4190 1394 4255 attigerit,
1413 4188 1552 4242 oculi
1575 4191 1650 4243 illi
1668 4192 1811 4243 illico
1832 4190 2175 4242 effodiantur:
