3234 4934
1182 384 1280 431 mr
1329 384 1611 434 murreus
1658 384 1983 435 commis.
2110 428 2121 441 .
2554 372 2687 437 205

493 548 627 590 cum
653 527 716 587 in
747 529 864 588 fine
891 546 1095 590 versus
1121 526 1346 607 dactyli
1381 526 1474 587 vel
1503 526 1705 591 cretici
1750 528 1945 589 locum
1988 530 2265 603 sustinet,
2290 528 2457 610 quod
2482 532 2689 610 saepis·

495 626 641 686 sime
679 625 770 686 fit.
857 625 1014 693 Quin
1041 634 1104 685 et
1144 644 1176 684 e
1219 624 1418 685 metris
1446 644 1625 704 supra
1648 626 1861 705 positis
1889 625 2005 686 ista
2026 627 2083 684 in
2112 621 2325 706 quibus
2350 644 2459 709 pes
2486 640 2687 708 poste-

489 723 606 782 rior
649 732 742 782 est
783 720 1080 801 dactylus,
1119 720 1214 780 vel
1251 722 1351 781 ubi
1393 722 1608 781 nimius
1653 722 2011 802 syllabarum
2042 724 2308 783 brevium
2336 741 2685 795 concursus,

489 818 675 879 rarius
701 828 1094 899 υειπραιιιιιτς
1139 818 1364 899 optima
1385 826 1596 877 contra
1631 816 1736 879 illa
1764 830 1923 891 sunt,
1962 819 2023 879 in
2053 819 2263 898 quibus
2310 822 2533 898 primus
2576 840 2683 902 pes

490 914 784 975 trochaeus
803 916 898 977 vel
925 916 1186 976 trochaeo
1202 933 1332 995 par,
1343 915 1438 975 vel
1463 900 1844 995 anapaestus·
1888 915 2036 975 alter
2057 934 2199 975 vero
2224 913 2317 975 vel
2339 917 2683 995 spondaeus,

487 1010 583 1070 vel
611 1020 975 1091 anapaestus.
1077 1012 1271 1072 Purus
1315 1013 1472 1071 enim
1521 1012 1879 1073 ditrochaeus
1928 1020 2026 1071 est
2066 1012 2248 1072 levior
2301 1032 2580 1073 numerus
2624 1026 2685 1075 et

485 1106 754 1185 tripudiis
783 1124 961 1188 quam
991 1109 1360 1169 sermonibus
1383 1109 1594 1188 aptior,
1623 1108 1875 1188 ideoque
1909 1108 2211 1171 levitatem
2234 1111 2409 1169 istam
2437 1110 2683 1190 adjunc-

489 1205 650 1263 tione
677 1203 952 1264 tardioris
979 1204 1150 1287 pedis
1175 1214 1500 1285 temperare
1529 1204 1721 1264 visum
1746 1214 1862 1265 est.

567 1300 681 1359 His
709 1296 785 1359 de
807 1301 1012 1361 metris
1041 1302 1380 1380 praemissis,
1395 1302 1522 1381 jam
1551 1300 1629 1360 ad
1658 1318 1862 1361 versus
1892 1302 2059 1381 ipsos
2090 1301 2486 1372 accedamus3
2530 1322 2681 1382 quos

487 1406 558 1456 ut
605 1396 865 1475 penitius
916 1396 1336 1477 intelligamus,
1386 1406 1523 1457 ante
1575 1396 1775 1457 omnia
1813 1396 1929 1458 boc
1962 1398 2249 1478 principio
2292 1399 2448 1471 loco,
2478 1408 2683 1480 utpote

490 1512 610 1572 quo
637 1502 764 1553 tota
789 1493 906 1553 sere
935 1512 1028 1553 res
1069 1492 1374 1567 innitatur,
1415 1492 1761 1573 ponendum
1790 1501 1904 1563 est,
1944 1510 2149 1553 versus
2195 1495 2454 1554 comicos
2484 1494 2683 1574 cujus·

489 1608 742 1668 cumque
792 1588 1024 1667 generis
1076 1608 1199 1649 non
1251 1608 1358 1671 per
1413 1588 1709 1669 simplices
1748 1586 1957 1667 pedes,
2020 1586 2130 1649 sed
2181 1608 2286 1669 per
2338 1600 2529 1651 metra
2574 1608 2683 1651 seu

489 1682 745 1744 διποδίαε
775 1682 1168 1746 dimetiendos
1196 1704 1354 1746 esse.

567 1780 699 1840 Hoc
727 1790 1110 1861 praeceptum,
1140 1778 1304 1861 quod
1333 1791 1426 1841 est
1451 1779 1750 1859 quantivis
1775 1780 1948 1861 pretii
1978 1780 2040 1839 in
2069 1800 2131 1842 re
2160 1782 2421 1855 metrica,
2452 1782 2680 1845 Graecis

483 1876 661 1938 unice
689 1876 993 1938 debemus.
1079 1877 1310 1947 Quibus
1339 1896 1459 1937 non
1499 1886 1592 1937 est
1617 1877 1795 1954 copia
1824 1876 2175 1936 consulendi
2204 1876 2279 1936 de
2320 1878 2435 1938 hac
2462 1898 2526 1938 re
2556 1879 2683 1939 He·

485 1970 836 2051 phoestionis
864 1972 1252 2031 Alexandrini
1277 1970 1540 2031 libellum
1579 1970 1657 2029 de
1686 1970 1921 2043 Mettis,
1948 1971 2047 2049 qui
2088 1971 2215 2049 jam
2242 1972 2345 2033 diu
2386 1982 2478 2033 est
2504 1974 2682 2034 raris-

487 2070 691 2144 simus,
718 2068 941 2130 adeant
963 2077 1167 2128 vetera
1193 2066 1421 2129 scholia
1458 2066 1522 2127 in
1551 2066 2028 2145 Aristophanem,
2057 2067 2153 2125 vel
2180 2066 2439 2126 Tricliuii
2464 2071 2527 2129 in
2567 2072 2681 2129 So-

484 2164 754 2244 phoclem
781 2185 796 2225 z
839 2165 901 2224 in
927 2164 1000 2224 iis
1025 2165 1313 2226 videbunt
1341 2178 1546 2224 versus
1573 2180 1782 2223 omnes
1810 2181 1914 2243 per
1948 2162 2179 2243 integra
2206 2162 2308 2223 illa
2330 2164 2549 2243 scripta
2576 2184 2681 2246 per

481 2251 738 2323 διποδίαε
764 2258 1101 2323 dimensos:
1144 2260 1307 2341 quod
1337 2258 1500 2340 apud
1527 2258 1773 2319 Graecos
1802 2268 1923 2320 tam
1958 2269 2242 2320 constans
2270 2258 2402 2334 fuit,
2448 2269 2517 2323 ut
2540 2262 2679 2325 iude

483 2359 725 2419 nomina
749 2359 1016 2420 versibus
1043 2356 1388 2431 indiderint,
1434 2376 1506 2418 ac
1545 2356 1843 2439 trimetros
1890 2366 1953 2415 et
1986 2366 2359 2417 tetrametros
2404 2357 2679 2431 dixerint,

485 2474 637 2534 quos
665 2454 860 2513 Latini
887 2473 1014 2514 non
1055 2454 1183 2513 sine
1233 2470 1451 2532 mag-no
1475 2452 1558 2512 rei
1603 2452 1867 2513 metricoe
1906 2451 2301 2526 incommodo,
2330 2454 2591 2515 senarios
2620 2466 2681 2516 et

483 2550 844 2610 octonarios.
927 2550 1086 2611 Hinc
1112 2544 1268 2610 enim
1310 2550 1531 2611 factum
1557 2560 1651 2608 est
1693 2560 1762 2609 ut
1785 2556 1956 2609 vetus
1983 2548 2085 2608 illa
2110 2568 2215 2628 per
2242 2560 2428 2609 metra
2450 2550 2679 2612 dimen-

484 2646 574 2707 sio
600 2646 886 2725 paulati-m
909 2646 976 2705 in
1016 2644 1466 2706 desuetudinem
1509 2645 1737 2718 abierit,
1778 2655 1840 2705 et
1865 2664 1987 2704 una
2026 2665 2161 2705 cum
2210 2664 2283 2706 ea
2309 2646 2389 2707 rei
2416 2647 2677 2707 metricae

483 2743 754 2816 scientia,
782 2741 945 2822 quod
969 2741 1046 2801 ad
1073 2741 1204 2802 haec
1226 2762 1499 2801 versuum
1524 2760 1765 2821 genera,
1780 2742 1902 2802 fere
1929 2742 2310 2802 interciderit.
2359 2744 2476 2810 Qui
2499 2743 2677 2817 enim,

479 2848 797 2901 metrorum
827 2838 1088 2899 subsidio
1130 2837 1470 2910 destitutus,
1501 2837 1576 2897 de
1613 2856 1821 2898 versus
1850 2822 2127 2897 mensura
2150 2836 2419 2916 judicare
2450 2838 2678 2916 nequit,

482 2936 698 2994 nisiex
745 2932 962 3013 pedum
1005 2934 1355 3012 simplicium
1403 2950 1669 3005 numero,
1714 2953 1823 2995 nec
1846 2932 1975 3013 ipse
2002 2946 2263 2993 veterum
2300 2933 2676 2994 comicorum

485 3030 706 3111 scripta
733 3040 873 3110 apte
895 3040 958 3090 et
978 3046 1288 3089 numerose
1311 3028 1495 3107 leget,
1522 3048 1738 3106 neque,
1766 3029 1816 3085 si
1844 3031 1921 3087 ab
1951 3028 2081 3087 aliis
2104 3028 2441 3099 recitentur,
2470 3048 2677 3089 nume-

482 3146 610 3188 rum
636 3127 698 3185 in
731 3126 800 3186 iis
841 3124 1100 3204 aliquem
1147 3124 1590 3204 deprehendet:
1634 3143 1745 3183 nec
1792 3142 2052 3202 unquam
2092 3124 2260 3194 sciet,
2300 3142 2439 3181 num
2469 3134 2675 3183 versus

483 3224 607 3283 suis
637 3223 893 3283 numeris
922 3231 1177 3296 constet,
1221 3222 1331 3282 nisi
1359 3222 1438 3281 ad
1488 3220 1710 3301 digitos
1752 3220 1971 3299 exigat,
2002 3218 2163 3298 quod
2206 3237 2325 3277 nou
2362 3219 2675 3279 molestum

483 3318 687 3393 modo,
722 3318 830 3380 sed
873 3328 935 3379 et
979 3318 1153 3395 nimis
1197 3338 1374 3398 quam
1421 3316 1743 3377 absurdum
1768 3336 1785 3384 3
1846 3334 1979 3403 cum
2028 3324 2089 3375 et
2137 3315 2373 3373 nimiam
2418 3314 2478 3373 id
2523 3315 2676 3374 inter

477 3414 797 3495 legendum
826 3414 918 3475 vel
951 3412 1308 3474 audiendum
1341 3430 1588 3485 moram,
1607 3422 2109 3492 praeterquamres
2127 3411 2368 3489 patitur,
2394 3410 2677 3490 postulet,

479 3510 849 3589 gratiamque
877 3530 1108 3570 omnem
1139 3520 1202 3570 et
1221 3519 1590 3571 venustatem
1619 3526 1992 3567 numerorum
2014 3508 2090 3566 ab
2110 3526 2271 3578 aure,
2298 3507 2467 3585 cujus
2490 3518 2674 3565 unum

483 3615 578 3665 est
605 3606 681 3663 de
705 3608 960 3667 numeris
999 3605 1310 3685 judicium,
1359 3618 1420 3667 et
1462 3608 1558 3667 cui
1587 3604 1955 3667 delectandas
2002 3603 2300 3683 praecipue
2326 3602 2673 3674 inserviunt,

483 3703 544 3761 in
573 3710 762 3759 totum
801 3702 1036 3759 eximat.
1122 3702 1368 3775 Contra,
1411 3705 1512 3781 qui
1539 3703 1807 3763 versibus
1836 3701 2077 3763 comicis
2125 3718 2231 3779 per
2272 3710 2462 3759 metra
2489 3698 2673 3759 dime-

481 3796 700 3859 tiendis
737 3797 1080 3868 assueverit,
1125 3798 1324 3861 statim
1369 3816 1442 3857 ex
1482 3799 1614 3877 ipso
1640 3817 1843 3859 versus
1894 3818 2061 3869 son0,
2114 3796 2359 3857 simulac
2402 3794 2673 3868 audierit,

480 3894 655 3956 facile
683 3892 977 3971 intelliget
1003 3891 1170 3971 cujus
1201 3891 1434 3971 generis
1461 3892 1559 3965 sit,
1591 3912 1668 3951 an
1696 3894 1757 3951 in
1800 3902 1967 3971 parte
2012 3891 2210 3971 aliqua
2236 3890 2537 3970 quantitas
2566 3888 2672 3949 de-

481 3992 661 4063 ficiat,
689 3999 792 4050 aut
822 3986 1046 4067 aliquid
1073 3987 1194 4048 vitii
1225 3988 1302 4048 sit
1325 3986 1386 4047 in
1415 3988 1708 4057 numeris;
1752 4008 1865 4049 nec
1887 4006 2037 4067 opus
2061 3998 2154 4048 est
2181 3986 2258 4046 ad
2276 3985 2566 4064 judicium
2592 3984 2669 4044 de

479 4088 570 4147 his
599 4083 920 4158 ferendum,
949 4094 1016 4145 ut
1033 4085 1094 4145 in
1125 4083 1438 4145 concilium
1467 4084 1686 4163 digitos
1714 4083 2011 4145 adhibeat.

565 4182 713 4243 Hsec
740 4182 826 4243 ita
853 4200 986 4243 esse
1030 4200 1126 4241 res
1172 4181 1304 4260 ipsa
1348 4181 1757 4259 comprobabit
1792 4176 2072 4255 exemplis
2102 4194 2237 4253 quae
2264 4193 2401 4234 mox
2430 4174 2665 4236 afferam
