3234 4934
767 390 1137 443 sennenn
1187 392 1283 443 ns
1332 392 1636 441 comens
1683 393 2305 445 mumisromnus.
2498 382 2626 447 135

434 533 722 595 duarum:
766 532 1079 608 dissolvit,-
1091 534 1237 614 jam,
1276 534 1339 595 in
1380 526 1642 617 syllabas
1681 536 1874 605 duasz
1914 538 1977 597 in
2002 548 2144 611 tres,
2169 556 2346 605 vero:
2391 536 2451 596 in
2479 546 2628 617 qua-³

436 642 593 702 tuor,
640 629 963 709 virginemt
1014 631 1075 691 in
1122 632 1403 710 quinque,
1452 632 1764 712 ejusmodi.
1865 631 2235 704 Redduceoe,
2282 631 2628 707 redductus,

439 727 746 807 relliquus,
786 728 1085 807 geminata
1110 726 1279 788 effert
1300 739 1690 789 consonante.
1773 728 2042 800 Literam,
2071 749 2209 810 quae
2237 729 2320 800 in,
2347 729 2626 809 optimus,

435 836 701 884 extrema
746 833 857 893 est,
906 824 1065 885 tollit
1104 824 1617 903 frequentissime:
1659 836 1920 887 extrema
1963 825 2172 905 prioris
2206 844 2410 887 versus
2438 828 2630 889 vocali

438 928 535 979 est
552 940 685 980 cum
710 919 785 979 ad
811 920 1206 981 inchoandum
1229 932 1572 1002 sequentem
1590 931 1828 983 utatur:
1855 934 1950 983 est
1975 942 2132 996 cum,
2155 920 2206 981 si
2234 920 2388 983 forte
2407 922 2631 983 vocalis

436 1015 539 1087 sit,
579 1036 617 1075 a
650 1016 841 1079 vocali
866 1037 1001 1096 quae
1030 1028 1371 1097 sequentem
1412 1020 1658 1079 inchoat
1681 1037 1914 1079 versum
1961 1017 2100 1077 elidi
2142 1018 2302 1089 velit,
2345 1012 2633 1097 quemad-

440 1112 679 1173 modum
709 1133 843 1193 quoe
883 1127 1227 1193 sequentem
1272 1116 1519 1177 inchoat
1564 1116 1642 1175 ab
1685 1134 1760 1176 ea
1809 1114 2038 1175 interim
2085 1113 2414 1175 absumitur
2440 1114 2632 1175 vocali

436 1228 576 1285 quoe
602 1209 1037 1287 precedentem
1062 1209 1269 1271 cludit.
1356 1211 1506 1272 Hoec
1543 1210 1776 1291 judicio
1803 1219 2008 1271 nostro
2035 1221 2195 1283 suut,
2237 1231 2372 1290 qum
2399 1210 2478 1271 de
2503 1230 2631 1272 ver·

438 1304 603 1364 sibus
629 1305 1001 1367 Terentianis
1043 1317 1104 1367 et
1146 1307 1389 1387 principi
1430 1307 1764 1369 debuerunt
1805 1307 2164 1379 necessario,
2205 1316 2268 1367 et
2299 1325 2432 1367 vere
2459 1316 2632 1385 potu·

433 1410 629 1461 erunt.

692 1763 952 1833 JULII
998 1760 1431 1829 CAESARIS
1482 1759 2004 1827 scALLGERI
2049 1758 2368 1839 LIBER,

986 1902 1087 1954 m:
1118 1903 1425 1954 comicis
1459 1902 2071 1953 ntmnustomsus.

1190 2044 1273 2093 Aa
1294 2044 1496 2093 Silvium
1522 2043 1944 2109 Cesaremfllinm.

438 2168 705 2238 Qumus
764 2166 990 2227 artibus
1048 2167 1353 2245 poetarum
1404 2165 1644 2245 ingenia
1705 2164 2132 2235 excolerentur,
2201 2182 2338 2227 cum
2385 2175 2547 2224 esset
2595 2182 2634 2223 a

438 2264 609 2323 nobis
640 2264 873 2324 duobus
898 2263 1059 2323 libris
1105 2262 1503 2343 explicatum:
1548 2281 1666 2322 non
1697 2261 1858 2339 prius
1889 2259 2226 2321 absolutum
2268 2260 2454 2321 fuisse
2481 2279 2632 2341 opus

436 2359 585 2423 illud
610 2359 939 2430 videbatur,
967 2378 1143 2438 quam
1192 2358 1401 2419 addita
1438 2358 1517 2419 de
1554 2357 1822 2417 versibus
1852 2356 2098 2418 comicis
2138 2356 2633 2418 commentatione

437 2456 768 2517 institutum
812 2465 1167 2516 teneremus.
1251 2454 1429 2525 Nam,
1455 2474 1591 2517 cum
1620 2454 1696 2515 de
1727 2454 1974 2534 origine,
2001 2453 2337 2533 generibus,
2365 2454 2630 2533 partibus

442 2550 821 2625 Fabulamm,
846 2571 984 2630 qum
1012 2552 1073 2611 in
1106 2570 1349 2612 scenam
1376 2551 1746 2624 afferrentur,
1773 2562 1838 2611 et
1861 2552 1938 2612 ab
1959 2550 2090 2611 aliis
2119 2550 2280 2623 olim,
2310 2559 2372 2610 et
2396 2567 2435 2608 a
2459 2550 2630 2611 nobis

436 2646 587 2723 ipsis
629 2667 739 2708 suo
782 2647 916 2708 loco
960 2648 1040 2709 sit
1080 2649 1491 2728 disputatum:
1532 2651 1593 2709 in
1637 2648 1832 2711 animo
1871 2647 2256 2720 habebamus,
2289 2657 2476 2707 totum
2515 2645 2632 2707 boc

439 2744 743 2823 negotium
801 2745 997 2824 legare
1056 2745 1151 2818 iis,
1206 2747 1309 2826 qui
1351 2747 1427 2807 de
1467 2746 1684 2825 pedum
1725 2745 2075 2826 quantitate,
2115 2744 2309 2823 doque
2355 2761 2630 2803 versuum

439 2839 663 2901 ratione
704 2840 1197 2920 conscripserant.
1281 2843 1517 2914 Verum,
1550 2861 1684 2902 cum
1713 2851 1775 2902 et
1799 2840 2088 2901 maximus
2115 2838 2204 2899 vir
2240 2839 2544 2910 Erasmus,
2569 2845 2633 2896 et

438 2947 578 3014 post
630 2955 765 2995 eum
823 2936 1087 3015 plerique
1123 2936 1224 2996 alii
1266 2938 1349 2997 ita
1393 2937 1551 2997 hanc
1596 2937 1887 2997 conficere
1954 2934 2310 3015 provinciam
2365 2934 2634 3013 aggressi

442 3032 583 3102 sint,
609 3040 677 3090 ut
705 3039 765 3090 et
790 3029 892 3090 ille
938 3030 1031 3090 bis
1082 3048 1202 3090 non
1248 3048 1441 3110 pauca
1483 3031 1814 3109 reliquisse,
1855 3042 1914 3091 et
1942 3029 2003 3089 hi
2033 3027 2243 3090 eadem
2269 3028 2372 3088 illa
2397 3038 2504 3087 aut
2527 3046 2634 3087 ne·

444 3126 650 3198 scisse,
692 3139 798 3187 aut
846 3126 1199 3205 praeteriisse
1248 3125 1359 3186 visi
1399 3126 1556 3195 sint3
1616 3135 1862 3187 coactus
1904 3144 2060 3197 sum,
2099 3122 2338 3185 Silviole
2377 3123 2480 3195 fili,
2521 3122 2634 3185 hac

438 3239 674 3302 quoque
716 3242 897 3301 opera
944 3221 1254 3283 ostendere
1302 3223 1558 3283 animum
1604 3242 1748 3303 erga
1775 3234 1834 3284 te
1877 3232 2180 3284 nostrum:
2237 3230 2324 3293 ut,
2368 3238 2544 3299 quem
2571 3220 2632 3281 in

439 3318 636 3381 locum
664 3330 893 3380 naturoe
928 3339 1041 3399 ope
1084 3321 1329 3399 teipsum
1377 3319 1622 3379 evehere
1670 3319 2046 3391 mirabamur,
2089 3316 2306 3377 uostris
2357 3317 2632 3396 auspiciis

442 3417 770 3493 promoveri
821 3435 893 3477 ac
921 3418 1228 3496 provenire
1264 3437 1336 3477 eo
1378 3418 1595 3496 possis.
1682 3416 1860 3489 Nam,
1908 3436 2042 3477 cum
2068 3412 2507 3495 pernecessaria
2531 3431 2634 3491 per

443 3530 509 3571 se
535 3512 798 3591 cognitio
821 3524 916 3573 est
940 3512 1093 3592 ipsa,
1112 3523 1236 3573 tum
1254 3514 1433 3573 etiam
1464 3514 1515 3574 si
1543 3532 1664 3574 non
1696 3526 1878 3585 esset,
1899 3511 2174 3573 videntur
2200 3521 2398 3571 tamen
2417 3510 2526 3569 viri
2545 3508 2632 3569 illi

442 3606 623 3666 talem
653 3606 954 3675 effecissez
999 3611 1121 3669 sive
1169 3609 1246 3669 ad
1276 3629 1477 3669 eorum
1518 3609 1986 3689 magnitudinem
2012 3608 2300 3674 intueare.
2343 3624 2524 3685 quam
2552 3603 2631 3664 ad

448 3702 785 3781 hujusmodi
824 3704 1289 3766 lucubrationem
1328 3706 1725 3779 demisissent,
1767 3706 1890 3767 sive
1918 3692 2340 3785 negligentiam
2377 3712 2632 3783 spectes,

447 3818 568 3877 qua
614 3798 879 3857 mutilam
916 3797 1413 3880 depravatamque
1456 3802 1872 3881 relinquerent.
1955 3802 2044 3861 Ac
2095 3802 2341 3881 primum
2390 3796 2631 3877 quidem

443 3913 623 3973 quam
655 3894 933 3955 Erasmus
962 3894 1154 3969 affert,
1181 3916 1383 3957 vereor
1405 3907 1471 3957 ut
1490 3898 1840 3979 accipienda
1861 3900 1940 3957 sit
1957 3896 2282 3957 dubitatio:
2329 3894 2425 3965 sit',
2443 3908 2632 3953 necne

444 3990 621 4051 certis
668 3990 919 4072 pedibus
948 3992 1191 4052 astricta
1217 3992 1546 4055 Comoedia.
1633 3996 1808 4068 Nam,
1847 4012 2184 4075 quanquam
2230 3988 2629 4060 Quintilianus

440 4088 557 4147 hoc
582 4086 801 4146 dixisse
830 4086 1081 4161 videtur,
1112 4107 1232 4149 non
1261 4100 1457 4151 tamen
1506 4091 1725 4170 pedum
1754 4090 1920 4170 leges
1966 4090 2183 4170 potius,
2225 4106 2404 4165 quam
2431 4085 2628 4145 trime·

440 4192 661 4243 trorum
706 4184 1202 4264 praescriptionem
1248 4184 1644 4247 desideravit:
1710 4204 1898 4265 neque
1953 4186 2014 4244 in
2067 4183 2361 4254 omnibus,
2404 4180 2516 4243 sed
2567 4182 2628 4241 iu
