3234 4934
575 380 664 468 70
1411 415 1504 463 ua
1551 415 1651 462 'ru
1666 412 1934 464 ait-rao.

578 559 727 640 cycli
756 556 1033 638 speciem,
1079 555 1158 617 ad
1198 557 1557 637 spectandos
1585 556 1800 618 ludos:
1845 556 2189 637 spectacula
2222 557 2423 619 Latine
2453 577 2767 639 possumus

579 655 794 716 dicere.
879 653 1032 712 Cum
1058 653 1245 712 forum
1273 653 1606 714 institutum
1634 653 1827 727 fuerit,
1852 653 2071 734 (inquit
2096 655 2427 732 Vitruvius)
2454 665 2579 715 tum
2612 655 2773 716 Deo-

581 771 708 812 rum
740 749 1152 809 immortalium
1181 749 1390 809 diebus
1417 749 1606 822 festis,
1648 747 1921 810 ludorum
1948 750 2437 830 spectationibus,
2463 751 2774 830 eligendus

582 859 677 908 est
718 847 886 907 locus
931 846 1186 906 Theatro
1227 865 1404 925 quam
1453 845 1891 904 saluberrimus.
1977 846 2240 907 Fuerunt
2281 857 2477 906 autem
2520 847 2779 906 Theatra

585 943 834 1004 duorum
863 962 1175 1022 generum:
1207 941 1324 1000 alia
1350 940 1548 1021 lignea
1571 951 1635 999 et
1658 941 1922 1019 pluribus
1950 941 2431 1002 tabellationibus
2456 953 2777 1015 exstructa,

587 1040 783 1117 qualia
813 1039 994 1100 Ludis
1023 1039 1272 1119 publicis
1299 1039 1616 1117 quotannis
1646 1039 1868 1098 flebant
1912 1039 2141 1110 Romae,
2185 1049 2363 1116 atque
2400 1059 2471 1099 ea
2500 1040 2781 1117 perennia

588 1156 710 1196 non
737 1137 1013 1197 fuerunt:
1059 1136 1172 1196 alia
1201 1149 1507 1196 sumtuosa
1535 1147 1598 1194 et
1626 1135 1864 1207 nobilia,
1914 1155 1985 1194 ex
2015 1134 2221 1194 solidis
2250 1137 2445 1208 rebus,
2474 1135 2534 1195 id
2561 1145 2674 1206 est,
2705 1147 2780 1194 e'x

591 1241 887 1292 structura
931 1247 1372 1304 caementorum,
1418 1232 1616 1312 lapide
1646 1245 1753 1292 aut
1778 1251 2064 1292 marmore
2092 1232 2437 1305 constituta,
2487 1233 2661 1311 quale
2690 1241 2786 1316 est

591 1328 751 1405 quod
779 1330 1109 1388 construxit
1139 1328 1227 1388 M.
1259 1329 1516 1388 Scaurus
1546 1329 1603 1387 in
1630 1328 1911 1388 aedilitate
1934 1347 2063 1400 sua,
2086 1329 2225 1389 item
2246 1328 2423 1388 etiam
2445 1328 2783 1408 Pompeius,

592 1436 654 1484 et
693 1424 793 1484 alii
838 1424 1128 1502 permulti.
1216 1425 1308 1484 lta
1355 1434 1548 1484 autem
1596 1425 1989 1503 compositum
2016 1424 2127 1484 fuit
2154 1425 2413 1504 antiquis
2441 1426 2782 1494 Theatrum,

595 1530 663 1579 ut
688 1540 760 1579 eo
787 1521 1169 1594 conveniens,
1215 1534 1277 1580 et
1324 1521 1633 1581 commode
1674 1521 1891 1604 sedens
1936 1521 2128 1592 turba,
2178 1541 2214 1580 e
2257 1522 2585 1601 longinquo
2612 1522 2786 1582 facile

596 1627 862 1696 spectare
889 1629 1113 1697 posset,
1163 1637 1426 1696 concavo
1475 1609 1808 1697 aequaliqu‘e
1853 1618 2141 1696 parietum
2170 1617 2569 1697 circumjectu,
2598 1629 2668 1677 ut
2696 1616 2787 1676 vel

597 1714 718 1772 leni
746 1733 892 1772 sono
921 1714 1080 1774 dicta
1107 1716 1282 1774 verba
1311 1714 1385 1773 ad
1416 1715 1663 1774 alterum
1692 1715 1931 1774 Tlieatri
1978 1726 2157 1794 caput
2200 1714 2433 1774 facilius
2477 1715 2785 1772 ferrentur.

600 1809 822 1870 Postea
860 1830 999 1870 vero
1045 1811 1438 1889 excogitatum
1483 1823 1576 1872 est
1615 1812 1933 1872 Theatrum
1978 1813 2037 1871 in
2067 1811 2384 1872 rotundam
2410 1811 2658 1870 sormam
2686 1828 2788 1870 ex-

601 1915 909 1977 structum,
930 1907 1048 1965 alio
1071 1906 1256 1966 multo
1277 1907 1661 1968 excellentius
1680 1919 1857 1987 atque
1878 1908 2177 1989 capacius,
2198 1909 2505 1987 magisque
2530 1915 2794 1965 sumtuo-

603 2019 769 2062 sum:
799 2002 960 2080 quod
987 2003 1124 2080 quia
1151 2003 1332 2062 veluti
1360 2023 1434 2063 ex
1464 2004 1697 2064 duobus
1724 2017 2025 2065 constaret
2044 2005 2336 2076 Theatris,
2359 2001 2791 2082 rotundamque

603 2099 874 2177 figuram,
915 2118 1036 2158 non
1069 2099 1193 2178 jam
1222 2101 1474 2180 amplius
1503 2101 1891 2181 hemicyclum
1918 2102 2177 2175 referret,
2216 2102 2291 2160 ob
2318 2099 2379 2160 id
2409 2099 2795 2178 Amphithea-

605 2205 756 2254 trum
784 2195 1006 2255 dictum
1036 2205 1148 2268 est,
1189 2199 1364 2274 quale
1393 2209 1505 2267 est,
1545 2198 1711 2274 quod
1735 2197 1911 2256 hodie
1943 2198 2150 2256 Romoe
2178 2196 2429 2265 videtur,
2472 2194 2794 2273 aliquando

609 2292 684 2350 ab
712 2290 1012 2352 Antonino
1042 2292 1150 2350 Pio
1178 2291 1557 2364 aedificatum,
1591 2303 1654 2351 et
1690 2311 1725 2350 a
1752 2292 1967 2350 Gothis
2008 2291 2402 2362 devastatum,
2424 2288 2797 2365 (Collisaeum

609 2387 826 2463 vulgus
856 2391 1074 2461 vocat,)
1115 2386 1274 2465 quod
1309 2386 1678 2463 potissimum
1725 2385 1801 2445 ad
1840 2386 1957 2445 alia
2001 2386 2343 2464 spectacula
2368 2385 2547 2464 vulgo
2586 2404 2802 2465 propo·-

613 2481 812 2540 neuda
837 2481 1056 2541 factum
1087 2493 1266 2560 atque
1295 2481 1596 2542 inventum
1628 2483 1772 2543 suit:
1816 2503 1953 2542 nam
2000 2483 2075 2541 ad
2122 2482 2403 2541 Scenicos
2444 2480 2639 2540 Ludos
2667 2501 2804 2560 pro·-

615 2576 971 2656 spiciendos,
1019 2580 1208 2658 magis
1237 2579 1512 2639 idoneum
1539 2591 1672 2640 erat
1696 2580 2015 2640 Theatrum
2035 2600 2053 2637 ι
2098 2581 2175 2639 ob
2202 2599 2353 2658 quos
2390 2579 2684 2659 proecipue
2715 2577 2805 2636 in-

617 2686 854 2734 ventum
879 2675 1062 2735 fuisse
1089 2676 1365 2736 credibile
1405 2687 1514 2738 est.
1601 2677 1773 2736 Unde
1813 2677 1981 2736 facile
2026 2675 2397 2755 conjecerim,
2444 2675 2808 2748 Terentium,

617 2791 738 2851 quo
765 2781 1024 2851 tempore
1053 2773 1300 2852 primum
1329 2773 1635 2852 proposuit
1662 2791 1826 2832 suam
1868 2771 2182 2852 Hecyram,
2228 2771 2423 2850 egisse
2470 2771 2527 2829 in
2558 2770 2806 2850 Amphi-

617 2870 884 2929 theatro:
927 2889 1107 2929 scena
1135 2889 1237 2947 per
1262 2869 1516 2930 medium
1544 2870 1732 2947 ipsius
1760 2881 2079 2938 exstructa,
2130 2877 2190 2926 et
2232 2867 2308 2927 ad
2353 2887 2535 2927 unum
2573 2876 2803 2926 tantum

617 2965 1007 3046 hemicyclum
1037 2975 1342 3043 spectante
1366 2985 1382 3025 z
1437 2984 1570 3024 nam
1599 2966 1675 3026 ab
1703 2975 1955 3043 utroque
1983 2962 2409 3042 Amphitheatri
2438 2961 2808 3021 semicirculo

621 3064 873 3150 spectari
897 3081 1028 3121 non
1074 3071 1349 3141 poterant
1375 3061 1741 3125 Comoediae:
1780 3079 1901 3139 quo
1946 3060 2187 3128 factum,
2234 3070 2321 3131 ut,
2366 3057 2509 3116 dum
2556 3058 2615 3117 in
2648 3057 2807 3117 aliud

620 3157 776 3217 latus
805 3178 1077 3229 vacuum,
1121 3159 1240 3217 alia
1280 3157 1620 3236 spectacula
1646 3155 1958 3215 confestim
1984 3162 2469 3234 proponerentur,
2498 3151 2675 3210 veluti
2704 3171 2815 3230 pu·

623 3252 793 3330 giles,
839 3252 1183 3324 funambuli,
1227 3263 1290 3312 et
1333 3249 1669 3330 hujusmodi
1716 3260 1951 3315 cetera:
2002 3247 2257 3327 populus
2304 3257 2439 3306 ante
2484 3246 2815 3306 absolutam

627 3347 994 3407 Comoediam
1049 3348 1190 3406 illuc
1241 3346 1619 3418 concurrerit,
1675 3345 1752 3404 ad
1805 3345 1940 3405 loca
1992 3343 2390 3403 commodiora
2444 3342 2817 3420 occupanda,

626 3443 1122 3524 quemadmodum
1167 3443 1294 3524 ipse
1331 3443 1522 3502 Po'eta
1547 3441 1946 3521 conqueritur,
1988 3459 2180 3519 neque
2226 3448 2462 3518 propter
2492 3438 2817 3518 strepitum,

627 3552 689 3602 et
707 3541 1010 3601 mulierum
1033 3539 1264 3600 deloco
1290 3539 1680 3620 pugnantium
1702 3538 2037 3610 clamorem,
2055 3535 2280 3597 absolvi
2310 3536 2582 3616 potuerit.
2638 3535 2815 3604 Quod

629 3657 702 3698 ne
731 3637 1026 3698 accideret
1051 3637 1110 3695 in
1143 3636 1389 3716 publicis
1417 3636 1618 3708 Ludis,
1640 3637 1913 3696 existimo
1938 3635 2309 3715 potissimum
2332 3633 2586 3694 movisse
2610 3633 2819 3694 Caium

631 3735 969 3806 Curionem,
1012 3733 1114 3812 qui
1143 3733 1299 3794 bello
1327 3733 1481 3793 civili
1509 3733 1567 3792 in
1598 3731 1955 3792 Caesarianis
1984 3731 2245 3810 partibus
2272 3729 2437 3802 obiit,
2472 3739 2542 3790 ut
2564 3727 2823 3790 Theatra

633 3829 754 3890 duo
799 3829 1018 3908 lignea,
1067 3847 1254 3908 eaque
1297 3828 1659 3910 amplissima
1702 3827 2087 3907 excogitaret,
2131 3827 2191 3885 in
2238 3825 2451 3905 quibus
2480 3825 2657 3884 etiam
2684 3822 2821 3882 duae

630 3939 835 3988 essent
861 3946 1078 3996 scenoe,
1123 3937 1362 4006 propter
1403 3935 1799 4005 spectatorum
1828 3922 2327 3984 commoditatem.
2414 3919 2599 3978 Erant
2624 3929 2822 3978 autem
2870 3997 2879 4006 ο

631 4024 818 4103 (quod
845 4024 1056 4084 mirum
1084 4022 1220 4100 fuit)
1261 4022 1568 4084 cardinum
1617 4022 1981 4101 singulorum
2026 4019 2283 4080 versatili
2328 4034 2620 4094 suspensa
2647 4015 2825 4076 libra-

634 4131 856 4193 mento,
897 4121 1089 4200 inquit
1132 4119 1382 4193 Plinius,
1425 4140 1458 4180 e
1501 4119 1717 4198 quibus
1754 4118 2015 4197 utrisque
2042 4114 2503 4177 antemeridiano
2532 4111 2827 4172 Ludorum

639 4218 981 4296 spectaculo
1011 4217 1172 4278 edito
1201 4218 1352 4279 inter
1379 4236 1444 4278 se
1473 4218 1694 4278 aversis
1738 4219 1840 4294 (ne
1884 4215 2133 4277 invicem
2170 4213 2579 4291 obstreperent
2606 4209 2829 4283 scenoe)
