3234 4934
617 444 746 514 1:32
1354 456 1554 507 mvn
1598 456 2065 507 cAs‘rtcArro.

616 606 799 666 micos
830 624 857 663 s
885 603 1115 663 literam
1140 608 1565 662 consonantem
1590 599 1752 660 haud
1781 618 1954 660 secus
1981 596 2196 659 elidere
2225 594 2454 671 solitos,
2501 618 2572 659 ac
2624 600 2674 660 ai
2699 618 2804 661 vo-

616 700 763 761 calis
791 708 969 770 esset,
1011 696 1188 777 idque
1232 695 1746 775 frequentissime:
1788 693 1943 774 quod
1975 705 2035 755 et
2062 693 2318 753 Ennium
2344 695 2404 755 in
2433 694 2704 769 heroicis,
2743 706 2807 757 et

613 794 1044 855 vetustissimos
1061 810 1331 871 quosque
1358 790 1549 851 facere
1576 790 1977 862 consuevisse,
1993 799 2060 849 ut
2075 800 2136 849 et
2153 788 2459 868 Virgilium
2487 790 2804 863 interdum,

616 890 778 951 docti
807 898 1198 957 annotarunt:
1239 886 1405 947 velut
1429 886 1487 945 in
1518 884 1769 956 Andria,
1802 892 1818 920 ‘
1845 884 2041 945 Herus
2067 905 2160 945 me
2183 884 2402 946 relictis
2428 888 2606 947 rebus
2623 887 2807 965 jussit

613 984 988 1065 Pamphilum
1007 983 1044 1043 :’
1075 982 1173 1043 hic
1202 983 1388 1062 prima
1412 982 1654 1063 regione
1684 991 2023 1063 anapoestus
2052 992 2165 1054 est,
2195 1002 2225 1042 s
2249 982 2414 1042 eliso.
2500 983 2572 1041 In
2601 982 2804 1043 Eunu-

612 1081 762 1141 cho:
805 1086 823 1115 ⁴
844 1079 1163 1159 ,Iugularas
1207 1077 1537 1137 hominem:
1582 1074 1727 1156 quid
1754 1074 1900 1135 illel
1981 1077 2103 1137 ΤΗ.
2148 1077 2355 1137 Mutus
2403 1074 2602 1138 illico.’
2685 1078 2804 1138 Hic

611 1175 673 1233 in
701 1175 877 1235 verbo
919 1182 936 1209 ‘
956 1171 1303 1252 jugularas'
1350 1191 1380 1231 s
1420 1170 1695 1231 eliditur:
1741 1180 1810 1231 ut
1858 1171 1938 1231 sit
1979 1173 2243 1233 secundo
2279 1173 2412 1233 loco
2439 1184 2804 1253 anapestus,

610 1272 783 1331 tertio
808 1270 1057 1329 iambus.
1125 1266 1257 1326 Nisi
1283 1266 1417 1346 quis
1446 1265 1640 1326 dicere
1666 1266 1822 1326 ausit
1848 1285 2170 1345 pronomen
2202 1274 2220 1303 ⁴
2243 1267 2382 1343 ille,’
2412 1270 2574 1330 velut
2602 1270 2802 1331 ablato

610 1366 797 1427 altero
823 1364 864 1436 1,
891 1364 1125 1441 corripi,
1152 1382 1312 1422 more
1341 1361 1786 1440 imitationeque
1814 1361 2182 1439 Graecorum,
2215 1364 2380 1444 quod
2406 1370 2499 1444 (ut
2525 1385 2638 1445 ego
2667 1386 2804 1426 sen-

608 1462 718 1538 tio)
760 1460 936 1541 paulo
980 1458 1155 1517 fuerit
1193 1456 1478 1517 coactius.
1558 1456 1844 1525 Quamvis
1895 1457 2055 1537 apud
2104 1460 2285 1521 hosce
2326 1462 2512 1521 fateor
2560 1461 2802 1523 alteram

609 1573 1035 1634 nonnunquam
1064 1553 1139 1613 de
1166 1552 1481 1632 geminatis
1499 1552 1969 1613 consonantibus
1997 1554 2058 1613 in
2081 1573 2253 1615 versu
2278 1556 2404 1614 tolli
2433 1561 2572 1617 κατὰ
2590 1564 2802 1634 παρέλ-

610 1655 825 1731 Maxim,
869 1670 988 1731 quo
1035 1648 1264 1729 syllaba
1310 1648 1508 1727 positu
1548 1647 1732 1727 longa
1757 1648 1970 1727 corripi
1997 1659 2196 1728 queat.
2281 1648 2360 1709 Et
2387 1650 2581 1712 solent
2609 1652 2802 1712 Latini

608 1752 670 1811 in
701 1747 899 1810 multis
925 1751 1019 1825 (ut
1042 1744 1358 1824 diligenter
1384 1743 1689 1804 annotavit
1717 1743 2082 1821 Priscianus)
2115 1744 2344 1805 initium
2375 1746 2616 1827 aliquod
2645 1748 2803 1809 acci·

609 1846 840 1927 pientes
868 1862 905 1903 a
932 1841 1184 1913 Graecis,
1233 1841 1310 1900 ab
1353 1851 1610 1921 angusto
1639 1840 1700 1899 in
1729 1838 1982 1900 effusum
2008 1841 2263 1901 licentio
2292 1843 2545 1921 spatium
2571 1843 2684 1904 hoc
2713 1843 2804 1903 di·

607 1942 816 2003 latare.
883 1938 1003 2000 Sed
1026 1939 1139 1999 hoe
1168 1958 1296 1997 suoe
1324 1936 1611 2017 cujusque
1639 1936 1997 2015 conjectum
2022 1937 2310 2018 relinquo,
2378 1938 2534 1999 Illud
2561 1936 2802 2019 quidem

611 2058 732 2099 non
762 2046 855 2098 est
894 2045 963 2096 ut
1002 2034 1247 2096 inficiari
1288 2051 1521 2115 queam,
1570 2032 1757 2095 videri
1782 2033 2078 2094 interdum
2107 2033 2128 2092 l
2155 2032 2295 2094 elidi
2326 2034 2485 2114 apud
2512 2036 2804 2097 comicum

611 2142 901 2205 nostrum,
942 2130 1175 2211 quoties
1222 2128 1397 2191 adest
1441 2148 1767 2209 pronomen
1807 2134 1825 2165 ⁴
1847 2129 1944 2190 ille
1970 2130 2010 2191 :⁹
2047 2140 2114 2190 ut
2156 2130 2218 2189 in
2268 2130 2594 2192 Eunucho:
2637 2140 2654 2167 ‘
2675 2132 2807 2192 Ma·

610 2227 873 2289 nendum
901 2240 995 2289 est
1021 2226 1134 2285 soli
1162 2225 1289 2285 sine
1316 2222 1463 2284 illa?
1504 2224 1648 2304 quid
1678 2236 1804 2284 tum
1833 2234 2041 2303 postea
2061 2225 2109 2283 2’
2185 2226 2253 2284 In
2285 2225 2586 2287 Heauton.
2629 2233 2647 2261 ‘
2673 2226 2802 2287 Nec

608 2322 716 2384 tibi
758 2320 859 2382 ille
904 2332 997 2381 est
1039 2319 1278 2381 credere
1307 2337 1512 2388 ausus,
1553 2336 1691 2396 quoe
1719 2329 1811 2377 est
1838 2338 2074 2397 aequom
2100 2321 2294 2398 patri.'
2373 2321 2439 2379 In
2470 2321 2802 2400 Adelphis:

612 2426 631 2455 ‘
654 2418 815 2489 Quid
862 2418 914 2477 is
964 2414 1144 2476 fecit?
1228 2415 1348 2473 De.
1390 2412 1551 2483 Quid
1580 2412 1682 2473 ille
1709 2412 1959 2475 feeerit?
1999 2434 2174 2494 quem
2205 2435 2394 2495 neque
2422 2416 2648 2495 pudet.’
2729 2418 2802 2477 In

614 2512 891 2593 Hecyra:
934 2519 952 2548 ⁴
978 2512 1115 2572 Non
1143 2510 1251 2571 tibi
1276 2509 1425 2569 illud
1454 2508 1678 2571 factum
1704 2508 1899 2570 minus
1925 2509 2124 2591 placet
2163 2530 2341 2590 quam
2373 2511 2539 2585 mihi,
2569 2512 2805 2575 Lache!

612 2606 1107 2670 InPhormione:
1150 2614 1167 2641 ‘
1192 2605 1297 2666 Ille
1342 2604 1445 2685 qui
1488 2604 1653 2666 illam
1701 2606 1939 2666 amabat
1984 2604 2305 2680 fidicinam,
2353 2609 2805 2681 tantummodo,'

610 2708 725 2766 &c-
788 2703 943 2763 Sunt
967 2701 1029 2761 id
1060 2720 1249 2781 genus
1278 2710 1560 2763 sexcenta
1586 2701 1747 2781 apud
1773 2702 2132 2764 Terentium.
2203 2703 2412 2765 Fuisse
2438 2718 2636 2765 autem
2663 2724 2802 2765 cum

608 2818 731 2861 non
776 2799 1169 2880 geminaretur
1216 2797 1239 2857 l
1282 2797 1344 2857 in
1389 2795 1505 2857 hoc
1546 2797 1912 2876 pronomine,
1959 2796 2163 2860 videor
2205 2818 2282 2859 ex
2331 2800 2470 2861 Sex.
2516 2800 2802 2879 Pompeio

610 2893 1073 2974 deprehendisse
1100 2893 1251 2955 libro
1282 2914 1330 2955 1.
1371 2890 1769 2971 Παρελλείψει
1795 2896 2092 2955 contraria
2117 2898 2311 2976 figura
2335 2908 2432 2957 est
2457 2895 2802 2957 διπλασωσ·

607 2994 730 3072 μὰς,
772 3010 893 3071 qua
933 2990 1067 3070 ipsa
1112 2988 1447 3071 frequenter
1489 2990 1679 3051 Poeta
1721 2990 1908 3051 utitur
1933 2992 2012 3051 ad
2039 2991 2482 3071 producendam
2511 2992 2802 3073 syllabam

608 3087 829 3166 alioqui
854 3088 1132 3147 brevem:
1172 3097 1242 3147 ut
1267 3086 1329 3145 in
1355 3084 1648 3165 Adelphis
1674 3092 1692 3121 ⁴
1711 3085 2020 3165 relliquum
2035 3086 2052 3111 ⁹
2079 3106 2210 3166 pro,
2235 3086 2546 3165 reliquum,
2575 3097 2638 3147 et
2662 3086 2803 3148 alibi

608 3188 625 3215 ‘
650 3181 889 3253 rettuli,'
928 3188 945 3216 ‘
968 3182 1236 3261 repperi,'
1264 3194 1446 3259 atque
1472 3180 1534 3239 id
1561 3199 1750 3259 genus
1779 3180 1915 3241 alia.
1998 3181 2117 3241 Sed
2149 3200 2488 3260 pergamus.
2571 3182 2627 3238 V
2652 3202 2803 3261 qno-

608 3294 726 3354 que
772 3284 1201 3336 consonantem
1244 3274 1471 3335 Comici
1514 3272 1761 3353 perinde
1804 3294 1876 3334 ac
1923 3274 2190 3335 vocalem
2229 3274 2290 3333 in
2320 3274 2515 3335 media
2540 3274 2802 3339 dictione

608 3370 879 3431 elidunt:
920 3368 1084 3450 quod
1104 3367 1264 3449 apud
1292 3369 1630 3431 Terentium
1655 3372 1718 3429 in
1746 3370 2098 3431 dictionibus
2139 3376 2158 3405 ‘
2180 3368 2434 3430 invidia'
2474 3380 2537 3431 et
2575 3375 2593 3406 ‘
2616 3372 2802 3433 enim-

608 3467 784 3526 vero’
820 3466 945 3526 fleri
990 3465 1300 3527 videmus:
1342 3465 1502 3545 apud
1541 3486 1722 3545 quem
1767 3466 1964 3546 ipsum
2004 3474 2021 3501 ‘
2045 3466 2256 3545 cujus,'
2293 3474 2313 3502 ‘
2333 3466 2551 3547 hujus,’
2591 3473 2609 3502 ⁴
2633 3468 2804 3546 ejus,'

609 3560 947 3641 similesque
974 3561 1283 3641 particulae
1310 3560 1741 3643 monosyllabae
1767 3563 1890 3623 fere
1918 3572 2094 3624 sunt:
2122 3563 2285 3643 quod
2311 3564 2397 3625 ita
2423 3562 2662 3625 demum
2686 3565 2804 3625 fre·

609 3677 801 3738 quens
848 3667 961 3730 est,
1002 3668 1071 3718 ut
1095 3677 1215 3719 non
1244 3668 1444 3738 putem
1475 3656 1552 3719 de
1578 3678 1652 3719 eo
1680 3657 2046 3738 subjicienda
2068 3660 2358 3739 exempla.
2442 3658 2600 3719 Illud
2647 3680 2803 3740 proe-

611 3763 772 3815 terea
798 3772 1201 3833 saepenumero
1229 3774 1343 3815 usu
1366 3754 1548 3828 venit,
1587 3764 1657 3814 ut
1691 3754 1880 3834 prima
1915 3772 2122 3814 versus
2151 3754 2472 3832 sequentis,
2500 3756 2603 3834 qui
2631 3774 2668 3817 a
2699 3776 2802 3817 vo-

610 3847 725 3909 cali
752 3848 1017 3926 incipiat,
1064 3850 1138 3908 ab
1166 3846 1375 3908 ultima
1400 3848 1714 3929 superioris
1743 3850 2163 3917 absorbeatur:
2208 3848 2370 3909 velut
2395 3850 2454 3908 in
2481 3850 2624 3910 illo:
2667 3857 2684 3886 ‘
2709 3852 2801 3911 Ex

613 3944 842 4004 Groecis
868 3944 1042 4005 bonis
1074 3944 1312 4004 Latinas
1355 3944 1497 4005 fecit
1540 3964 1662 4004 non
1710 3947 1897 4005 bonas
1921 3945 1957 4005 :’
1997 3946 2097 4005 ubi
2137 3944 2302 4003 ‘Ex’
2342 3946 2687 4005 absorbetur
2723 3947 2800 4007 ab

611 4038 861 4099 adverso
901 4046 917 4073 ‘
944 4036 1138 4111 male,'
1177 4058 1298 4118 quo
1327 4058 1527 4101 versus
1553 4040 1900 4121 praecedens
1928 4040 2244 4101 clauditur.
2329 4039 2406 4099 Et
2440 4040 2501 4098 in
2541 4039 2798 4121 Prologo

614 4134 905 4213 Hecyrae:
948 4140 967 4167 ‘
991 4134 1121 4213 Ego
1149 4136 1373 4195 interea
1397 4154 1591 4195 meum
1617 4154 1740 4197 non
1765 4136 1931 4215 potui
1959 4136 2136 4197 tutari
2165 4134 2402 4194 locum.’
2485 4135 2652 4195 Prior
2678 4136 2800 4216 syl-

613 4230 752 4289 laba
795 4229 856 4287 in
892 4231 1237 4309 pronomine
1278 4236 1296 4266 ‘
1322 4230 1451 4311 Ego
1474 4229 1490 4256 ’
1530 4232 1787 4310 pertinet
1815 4230 1892 4290 ad
1919 4250 2156 4293 versum
2183 4230 2559 4310 superiorem.
2639 4232 2802 4293 Con·
