3234 4934
639 416 772 485 1⁷6
1254 430 1689 479 JoAcHfflUS
1738 427 2236 477 cAMssnAmus

648 570 768 631 Sed
812 571 871 629 in
920 570 1052 631 aliis
1098 589 1374 630 versuum
1421 571 1733 650 generibus
1782 578 1971 629 metra
2006 567 2323 647 duplicatis
2355 566 2606 648 pedibus
2634 586 2838 647 proce-

644 669 816 739 dunt,
843 676 912 727 ut
938 666 996 727 in
1027 666 1276 727 iambico
1319 677 1415 727 est
1454 667 1570 727 hoc
1609 670 1955 746 μονόμετρον
1981 666 2391 737 ἅκατᾶληκτον,
2425 664 2489 725 id
2516 674 2631 741 est,
2660 664 2838 725 habet

645 764 797 824 duos
826 762 1012 843 pedes
1037 763 1335 843 integros:

1206 889 1496 962 Pessima,
1525 908 1720 949 mane.

1206 984 1484 1065 Optume,
1515 984 1654 1045 odio
1686 1004 1775 1045 es.

645 1103 917 1179 Δίμετρον
941 1099 1057 1160 hoc
1079 1118 1096 1158 Ξ

905 1220 912 1223 ’
1043 1227 1302 1287 Verebar
1330 1245 1613 1307 quorsum
1642 1226 1937 1289 evaderet.

647 1352 992 1431 Tplperpor:

1049 1456 1417 1537 Obsequium
1444 1454 1691 1530 amicos,
1718 1458 1934 1517 veritas
1965 1456 2165 1517 odium
2195 1458 2369 1536 parit.

643 1590 1030 1670 Τετράμερτον
1054 1587 1171 1648 hoc
1193 1607 1210 1647 :

803 1716 964 1787 Quid
992 1716 1206 1777 faciam
1233 1715 1439 1776 nunc?
1481 1716 1531 1776 si
1563 1725 1685 1777 tres
1715 1714 1822 1776 viri
1846 1734 1941 1774 me
1969 1716 2028 1774 in
2074 1734 2370 1775 carcerem
2415 1717 2836 1793 compegerint.

645 1857 840 1935 Atque
878 1853 1168 1913 hactenus
1213 1851 1488 1935 producti
1537 1836 1769 1913 iambici
1798 1872 2003 1914 versus
2041 1852 2312 1931 exempla
2340 1851 2661 1912 adduxisse
2692 1852 2837 1911 satis

643 1951 840 2023 fuerit,
886 1950 999 2011 etsi
1047 1948 1453 2029 grammatici:
1515 1954 1898 2028 πενταμέτρου
1948 1968 2185 2029 quoque
2233 1950 2479 2010 formam
2534 1948 2838 2027 adjiciunt.

643 2046 818 2107 Illum
847 2056 1043 2107 autern
1072 2055 1471 2105 tetrametrum
1499 2046 1787 2124 reperisse
1818 2045 2097 2105 Boiscum
2124 2043 2423 2124 quendam
2462 2042 2839 2123 Cyzicenum,

645 2146 978 2221 ἐπίγραμμα
1026 2141 1269 2213 ἰηάἱοαῐ,
1318 2143 1641 2201 tetrametri
1692 2146 2077 2213 ἅκαταλήκτου
2116 2152 2179 2201 et
2223 2142 2634 2213 καταληπτικοῦ,
2678 2138 2837 2217 quod

643 2240 856 2319 legitur
885 2240 944 2297 in
975 2238 1412 2298 Commentario
1443 2238 1643 2298 Rufini
1674 2237 1748 2298 de
1778 2237 1987 2298 Mettis
2014 2236 2248 2298 Terent.

803 2371 1034 2430 Βόῖσκοε
1061 2368 1194 2427 «δ’πό
1221 2367 1492 2439 Κυὲικοῦ,
1519 2366 1729 2426 παντὸς
1757 2366 1999 2446 γραφεὺς
2024 2372 2349 2443 reinmarus,

805 2464 922 2523 Τὸν
945 2464 1222 2522 ‹inertia-om·
1251 2464 1428 2540 εὑρὼν
1457 2469 1659 2544 στίχον
1682 2462 1877 2543 Φοίβῳ
1901 2467 2090 2536 τίθησι
2114 2462 2306 2541 δῶρον.

805 2558 1056 2621 Boiscus
1085 2558 1183 2618 ille
1211 2558 1538 2639 Cyzicenus
1567 2560 1819 2641 scriptor
1846 2560 2038 2619 omnis
2064 2560 2340 2620 carminis

802 2656 1026 2716 Versus
1053 2653 1271 2736 pedum
1300 2668 1436 2717 octo
1467 2658 1740 2737 repperit,
1769 2655 2114 2736 Phoeboque
2141 2655 2455 2717 dedicavit.

644 2784 864 2844 Verum
913 2782 992 2844 ad
1037 2788 1362 2857 καταλήξειε
1407 2797 1785 2846 revertamur.
1888 2787 1997 2846 Est
2038 2787 2212 2866 igitur
2254 2786 2662 2860 καταληκτικόε,
2703 2804 2838 2844 cum

643 2878 834 2955 deest,
863 2899 984 2960 quo
1011 2878 1207 2939 minus
1237 2899 1440 2941 versus
1467 2881 1855 2961 compleatur,
1884 2880 2115 2962 syllaba
2140 2900 2300 2943 una:

1049 2984 1228 3073 Date,
1257 3019 1394 3059 mox
1421 3019 1535 3080 ego
1555 3001 1674 3061 buc
1702 3010 1978 3062 revertar.

640 3130 936 3191 iambicus
965 3127 1218 3208 δίμετρος
1246 3134 1657 3203 :caraxavi-rande.
1744 3131 1837 3190 Sit
1858 3132 2015 3192 enim
2064 3136 2081 3165 ‘
2102 3116 2435 3202 revertero,'
2472 3146 2610 3187 nam
2640 3136 2703 3186 et
2726 3126 2840 3185 hac

641 3224 830 3284 forma
855 3224 948 3283 usi
977 3225 1152 3284 verbo
1179 3222 1434 3296 fuerunt,
1464 3226 1570 3284 erit
1588 3226 1713 3303 jam
1742 3226 2137 3297 ἅκατᾶληκτοε.

806 3343 868 3402 Si
893 3342 1037 3401 mihi
1065 3352 1272 3421 perget
1296 3363 1430 3421 quae
1459 3343 1587 3403 vult
1614 3343 1833 3417 dicere,
1874 3362 1947 3403 ea
1967 3364 2102 3422 quoe
2130 3364 2249 3403 non
2280 3343 2409 3403 vult
2436 3344 2675 3403 audiet:

643 3478 975 3540 trochaicus
1009 3479 1441 3550 Archilochius‚
1489 3478 1549 3538 id
1581 3490 1697 3546 est,
1746 3482 2105 3557 τετράμετρα
2152 3499 2257 3541 seu
2296 3479 2625 3559 quadratus
2668 3504 2839 3540 κατα-

643 3578 912 3647 >intr-uuis.
997 3576 1086 3636 Sit
1111 3576 1266 3635 enim
1295 3582 1312 3611 ‘
1337 3574 1691 3649 audientur,’
1735 3576 1846 3636 erit
1872 3575 2207 3637 trochaicus
2247 3583 2609 3654 τετράμετρα·
2627 3581 2633 3585 ’
2650 3576 2839 3634 omni-

640 3670 754 3729 bus
781 3671 1040 3731 numeris
1075 3671 1402 3731 absolutus.

724 3764 1308 3845 Hyper-catalecticus
1338 3784 1543 3827 versus
1570 3775 1687 3840 est,
1700 3767 1759 3825 in
1780 3785 1899 3845 quo
1916 3766 2146 3847 syllaba
2166 3787 2288 3827 una
2314 3766 2619 3827 abundat:
2663 3766 2834 3845 hujus

639 3860 975 3940 exemplum
1002 3861 1080 3923 de
1105 3860 1414 3942 dactylicis
1448 3862 1796 3925 adducunt:

803 3986 1141 4065 Alloquitur
1164 3988 1392 4050 Venus.
1479 3990 1533 4049 O
1563 3992 1666 4069 qui
1693 4010 1784 4052 res
1826 3991 2245 4070 hominumque
2276 3992 2672 4070 Deorumque.

803 4082 839 4142 J
845 4092 1106 4144 actemur
1134 4081 1376 4157 doceas,
1401 4084 1590 4164 ignari
1617 4086 2033 4165 hominumque
2060 4087 2459 4167 locorumque.

643 4216 872 4277 Verum-
893 4216 1300 4299 diligentiores
1331 4218 1394 4280 in
1422 4219 1719 4301 dactylico
1747 4240 1961 4301 genere
1989 4225 2427 4301 ὕπερκατάληξιν
2461 4235 2522 4284 et
2544 4222 2837 4304 βραχνκα-
