<?xml version="1.0" encoding="UTF-8"?>
<!DOCTYPE html PUBLIC "-//W3C//DTD XHTML 1.0 Transitional//EN"
    "http://www.w3.org/TR/xhtml1/DTD/xhtml1-transitional.dtd">
<html xmlns="http://www.w3.org/1999/xhtml" xml:lang="en" lang="en">
 <head>
  <title>
</title>
<meta http-equiv="Content-Type" content="text/html;charset=utf-8" />
  <meta name='ocr-system' content='tesseract 3.04.00' />
  <meta name='ocr-capabilities' content='ocr_page ocr_carea ocr_par ocr_line ocrx_word'/>
</head>
<body>
  <div class='ocr_page' id='page_1' title='image "./comoedisex10westgoog_0065.png"; bbox 0 0 3234 4934; ppageno 0'>
   <div class='ocr_carea' id='block_1_1' title="bbox 1155 363 2657 430">
    <p class='ocr_par' dir='ltr' id='par_1_1' title="bbox 1155 363 2657 430">
     <span class='ocr_line' id='line_1_1' title="bbox 1155 363 2657 430; baseline 0.008 -12"><span class='ocrx_word' id='word_1_1' title='bbox 1155 369 1424 419; x_wconf 64' lang='lat' dir='ltr'>vrci-on</span> <span class='ocrx_word' id='word_1_2' title='bbox 1469 371 1568 418; x_wconf 76' lang='lat' dir='ltr'>ns</span> <span class='ocrx_word' id='word_1_3' title='bbox 1613 373 1997 422; x_wconf 67' lang='lat' dir='ltr'>commum.</span> <span class='ocrx_word' id='word_1_4' title='bbox 2564 363 2657 430; x_wconf 71' lang='lat'>5⁵</span> 
     </span>
    </p>
   </div>
   <div class='ocr_carea' id='block_1_2' title="bbox 433 511 2703 4224">
    <p class='ocr_par' dir='ltr' id='par_1_2' title="bbox 433 511 2703 4224">
     <span class='ocr_line' id='line_1_2' title="bbox 459 511 2649 596; baseline 0.004 -24"><span class='ocrx_word' id='word_1_5' title='bbox 459 515 637 592; x_wconf 81' lang='lat' dir='ltr'>quasi</span> <span class='ocrx_word' id='word_1_6' title='bbox 661 513 898 592; x_wconf 83' lang='lat' dir='ltr'>flagello</span> <span class='ocrx_word' id='word_1_7' title='bbox 925 511 1180 592; x_wconf 86' lang='lat' dir='ltr'>quodam</span> <span class='ocrx_word' id='word_1_8' title='bbox 1208 513 1424 587; x_wconf 75' lang='lat' dir='ltr'>vexati,</span> <span class='ocrx_word' id='word_1_9' title='bbox 1467 525 1604 574; x_wconf 83' lang='lat' dir='ltr'>cum·</span> <span class='ocrx_word' id='word_1_10' title='bbox 1648 533 1835 575; x_wconf 87' lang='lat' dir='ltr'>mores</span> <span class='ocrx_word' id='word_1_11' title='bbox 1881 515 2207 596; x_wconf 81' lang='lat' dir='ltr'>prseteritos</span> <span class='ocrx_word' id='word_1_12' title='bbox 2246 525 2493 592; x_wconf 87' lang='lat' dir='ltr'>mutare,</span> <span class='ocrx_word' id='word_1_13' title='bbox 2522 527 2649 580; x_wconf 88' lang='lat' dir='ltr'>tum</span> 
     </span>
     <span class='ocr_line' id='line_1_3' title="bbox 467 608 2649 690; baseline 0.003 -23"><span class='ocrx_word' id='word_1_14' title='bbox 467 609 563 668; x_wconf 79' lang='lat' dir='ltr'>vel</span> <span class='ocrx_word' id='word_1_15' title='bbox 605 629 735 670; x_wconf 88' lang='lat' dir='ltr'>esse</span> <span class='ocrx_word' id='word_1_16' title='bbox 779 608 954 688; x_wconf 79' lang='lat' dir='ltr'>frugi,</span> <span class='ocrx_word' id='word_1_17' title='bbox 993 610 1088 669; x_wconf 74' lang='lat' dir='ltr'>vel</span> <span class='ocrx_word' id='word_1_18' title='bbox 1134 609 1340 670; x_wconf 90' lang='lat' dir='ltr'>saltem</span> <span class='ocrx_word' id='word_1_19' title='bbox 1387 625 1667 690; x_wconf 82' lang='lat' dir='ltr'>apparere</span> <span class='ocrx_word' id='word_1_20' title='bbox 1716 613 2117 690; x_wconf 75' lang='lat' dir='ltr'>cogebantur:</span> <span class='ocrx_word' id='word_1_21' title='bbox 2162 631 2236 672; x_wconf 87' lang='lat' dir='ltr'>ne</span> <span class='ocrx_word' id='word_1_22' title='bbox 2278 611 2475 673; x_wconf 88' lang='lat' dir='ltr'>denuo</span> <span class='ocrx_word' id='word_1_23' title='bbox 2515 633 2649 674; x_wconf 86' lang='lat' dir='ltr'>sese</span> 
     </span>
     <span class='ocr_line' id='line_1_4' title="bbox 464 705 2653 786; baseline 0.001 -22"><span class='ocrx_word' id='word_1_24' title='bbox 464 705 616 764; x_wconf 86' lang='lat' dir='ltr'>male</span> <span class='ocrx_word' id='word_1_25' title='bbox 644 715 934 784; x_wconf 79' lang='lat' dir='ltr'>gerentes,</span> <span class='ocrx_word' id='word_1_26' title='bbox 961 706 1114 766; x_wconf 88' lang='lat' dir='ltr'>male</span> <span class='ocrx_word' id='word_1_27' title='bbox 1137 706 1462 767; x_wconf 80' lang='lat' dir='ltr'>identidem</span> <span class='ocrx_word' id='word_1_28' title='bbox 1487 707 1794 774; x_wconf 81' lang='lat' dir='ltr'>audirent:</span> <span class='ocrx_word' id='word_1_29' title='bbox 1827 709 1994 786; x_wconf 88' lang='lat' dir='ltr'>cujus</span> <span class='ocrx_word' id='word_1_30' title='bbox 2024 707 2107 766; x_wconf 88' lang='lat' dir='ltr'>rei</span> <span class='ocrx_word' id='word_1_31' title='bbox 2138 723 2409 768; x_wconf 82' lang='lat' dir='ltr'>numeros</span> <span class='ocrx_word' id='word_1_32' title='bbox 2432 727 2653 770; x_wconf 86' lang='lat' dir='ltr'>omnes.</span> 
     </span>
     <span class='ocr_line' id='line_1_5' title="bbox 466 801 2651 882; baseline 0.003 -24"><span class='ocrx_word' id='word_1_33' title='bbox 466 801 738 860; x_wconf 74' lang='lat' dir='ltr'><strong>Cratinus</strong></span> <span class='ocrx_word' id='word_1_34' title='bbox 767 801 978 860; x_wconf 88' lang='lat' dir='ltr'>dicitur</span> <span class='ocrx_word' id='word_1_35' title='bbox 1023 801 1394 881; x_wconf 77' lang='lat' dir='ltr'>implevisse:</span> <span class='ocrx_word' id='word_1_36' title='bbox 1435 803 1653 881; x_wconf 84' lang='lat' dir='ltr'>quippe</span> <span class='ocrx_word' id='word_1_37' title='bbox 1698 803 1908 862; x_wconf 86' lang='lat' dir='ltr'>ceteris</span> <span class='ocrx_word' id='word_1_38' title='bbox 1954 802 2295 864; x_wconf 72' lang='lat' dir='ltr'>austeritate</span> <span class='ocrx_word' id='word_1_39' title='bbox 2334 814 2651 882; x_wconf 83' lang='lat' dir='ltr'>praestans,</span> 
     </span>
     <span class='ocr_line' id='line_1_6' title="bbox 463 897 2647 978; baseline 0.003 -24"><span class='ocrx_word' id='word_1_40' title='bbox 463 897 835 956; x_wconf 86' lang='lat' dir='ltr'>acerbissima</span> <span class='ocrx_word' id='word_1_41' title='bbox 849 897 1049 976; x_wconf 86' lang='lat' dir='ltr'>jurgia</span> <span class='ocrx_word' id='word_1_42' title='bbox 1075 899 1397 978; x_wconf 73' lang='lat' dir='ltr'>procaciter</span> <span class='ocrx_word' id='word_1_43' title='bbox 1415 901 1758 977; x_wconf 82' lang='lat' dir='ltr'>exspuebat.</span> <span class='ocrx_word' id='word_1_44' title='bbox 1816 899 1949 960; x_wconf 90' lang='lat' dir='ltr'>Hac</span> <span class='ocrx_word' id='word_1_45' title='bbox 1970 899 2147 958; x_wconf 84' lang='lat' dir='ltr'>etiam</span> <span class='ocrx_word' id='word_1_46' title='bbox 2177 900 2237 958; x_wconf 88' lang='lat' dir='ltr'>in</span> <span class='ocrx_word' id='word_1_47' title='bbox 2266 909 2433 977; x_wconf 81' lang='lat' dir='ltr'>parte</span> <span class='ocrx_word' id='word_1_48' title='bbox 2452 901 2647 960; x_wconf 85' lang='lat' dir='ltr'>bonus</span> 
     </span>
     <span class='ocr_line' id='line_1_7' title="bbox 459 989 2649 1074; baseline 0.001 -24"><span class='ocrx_word' id='word_1_49' title='bbox 459 989 557 1050; x_wconf 89' lang='lat' dir='ltr'>ille</span> <span class='ocrx_word' id='word_1_50' title='bbox 585 991 1011 1071; x_wconf 84' lang='lat' dir='ltr'>Aristophanes</span> <span class='ocrx_word' id='word_1_51' title='bbox 1041 1011 1160 1052; x_wconf 88' lang='lat' dir='ltr'>non</span> <span class='ocrx_word' id='word_1_52' title='bbox 1189 991 1544 1053; x_wconf 73' lang='lat' dir='ltr'>dormitavit.</span> <span class='ocrx_word' id='word_1_53' title='bbox 1601 994 1743 1072; x_wconf 90' lang='lat' dir='ltr'>Ejus</span> <span class='ocrx_word' id='word_1_54' title='bbox 1774 993 1929 1053; x_wconf 84' lang='lat' dir='ltr'>enirn</span> <span class='ocrx_word' id='word_1_55' title='bbox 1954 993 2171 1071; x_wconf 78' lang='lat' dir='ltr'>Vespae</span> <span class='ocrx_word' id='word_1_56' title='bbox 2202 993 2447 1065; x_wconf 87' lang='lat' dir='ltr'>Fabula,</span> <span class='ocrx_word' id='word_1_57' title='bbox 2474 1003 2649 1074; x_wconf 85' lang='lat' dir='ltr'>quot·-</span> 
     </span>
     <span class='ocr_line' id='line_1_8' title="bbox 463 1087 2647 1168; baseline 0.002 -23"><span class='ocrx_word' id='word_1_58' title='bbox 463 1098 607 1165; x_wconf 86' lang='lat' dir='ltr'>quot</span> <span class='ocrx_word' id='word_1_59' title='bbox 633 1098 804 1147; x_wconf 86' lang='lat' dir='ltr'>erant</span> <span class='ocrx_word' id='word_1_60' title='bbox 830 1087 1234 1166; x_wconf 67' lang='lat' dir='ltr'>sycophantae,</span> <span class='ocrx_word' id='word_1_61' title='bbox 1261 1107 1413 1168; x_wconf 89' lang='lat' dir='ltr'>quos</span> <span class='ocrx_word' id='word_1_62' title='bbox 1445 1088 1685 1167; x_wconf 90' lang='lat' dir='ltr'>quidem</span> <span class='ocrx_word' id='word_1_63' title='bbox 1713 1089 1841 1168; x_wconf 88' lang='lat' dir='ltr'>ipse</span> <span class='ocrx_word' id='word_1_64' title='bbox 1869 1100 2041 1150; x_wconf 80' lang='lat' dir='ltr'>vocat</span> <span class='ocrx_word' id='word_1_65' title='bbox 2076 1091 2365 1163; x_wconf 64' lang='grc' dir='ltr'>ἠπιάλους,</span> <span class='ocrx_word' id='word_1_66' title='bbox 2407 1090 2546 1162; x_wconf 86' lang='lat' dir='ltr'>fecit</span> <span class='ocrx_word' id='word_1_67' title='bbox 2572 1091 2647 1150; x_wconf 90' lang='lat' dir='ltr'>ab</span> 
     </span>
     <span class='ocr_line' id='line_1_9' title="bbox 459 1181 2649 1264; baseline 0.001 -23"><span class='ocrx_word' id='word_1_68' title='bbox 459 1182 698 1262; x_wconf 80' lang='lat' dir='ltr'>incepto</span> <span class='ocrx_word' id='word_1_69' title='bbox 725 1181 1028 1253; x_wconf 78' lang='lat' dir='ltr'>desistere,</span> <span class='ocrx_word' id='word_1_70' title='bbox 1057 1200 1175 1261; x_wconf 91' lang='lat' dir='ltr'>quo</span> <span class='ocrx_word' id='word_1_71' title='bbox 1203 1184 1358 1243; x_wconf 86' lang='lat' dir='ltr'>inter</span> <span class='ocrx_word' id='word_1_72' title='bbox 1381 1193 1577 1244; x_wconf 88' lang='lat' dir='ltr'>cetera</span> <span class='ocrx_word' id='word_1_73' title='bbox 1598 1182 1856 1243; x_wconf 81' lang='lat' dir='ltr'>facinore</span> <span class='ocrx_word' id='word_1_74' title='bbox 1878 1193 2107 1244; x_wconf 86' lang='lat' dir='ltr'>tantum</span> <span class='ocrx_word' id='word_1_75' title='bbox 2131 1185 2377 1264; x_wconf 78' lang='lat' dir='ltr'>placuit,</span> <span class='ocrx_word' id='word_1_76' title='bbox 2398 1197 2467 1246; x_wconf 89' lang='lat' dir='ltr'>ut</span> <span class='ocrx_word' id='word_1_77' title='bbox 2486 1185 2649 1246; x_wconf 80' lang='lat' dir='ltr'>olea-</span> 
     </span>
     <span class='ocr_line' id='line_1_10' title="bbox 460 1278 2647 1357; baseline 0.002 -22"><span class='ocrx_word' id='word_1_78' title='bbox 460 1278 620 1356; x_wconf 88' lang='lat' dir='ltr'>gina,</span> <span class='ocrx_word' id='word_1_79' title='bbox 647 1299 784 1357; x_wconf 86' lang='lat' dir='ltr'>quae</span> <span class='ocrx_word' id='word_1_80' title='bbox 812 1299 918 1356; x_wconf 89' lang='lat' dir='ltr'>par</span> <span class='ocrx_word' id='word_1_81' title='bbox 945 1288 1038 1337; x_wconf 89' lang='lat' dir='ltr'>est</span> <span class='ocrx_word' id='word_1_82' title='bbox 1064 1297 1258 1338; x_wconf 78' lang='lat' dir='ltr'>aureae</span> <span class='ocrx_word' id='word_1_83' title='bbox 1297 1299 1552 1353; x_wconf 65' lang='lat' dir='ltr'>coronae,</span> <span class='ocrx_word' id='word_1_84' title='bbox 1590 1279 1928 1340; x_wconf 89' lang='lat' dir='ltr'>donaretur.</span> <span class='ocrx_word' id='word_1_85' title='bbox 2010 1279 2243 1339; x_wconf 84' lang='lat' dir='ltr'>Deinde</span> <span class='ocrx_word' id='word_1_86' title='bbox 2281 1281 2647 1342; x_wconf 79' lang='lat' dir='ltr'>labefactatis</span> 
     </span>
     <span class='ocr_line' id='line_1_11' title="bbox 457 1373 2647 1454; baseline 0.002 -24"><span class='ocrx_word' id='word_1_87' title='bbox 457 1373 659 1450; x_wconf 89' lang='lat' dir='ltr'>populi</span> <span class='ocrx_word' id='word_1_88' title='bbox 689 1375 940 1454; x_wconf 71' lang='lat' dir='ltr'>viribus,¹</span> <span class='ocrx_word' id='word_1_89' title='bbox 957 1395 1090 1434; x_wconf 89' lang='lat' dir='ltr'>cum</span> <span class='ocrx_word' id='word_1_90' title='bbox 1119 1375 1346 1434; x_wconf 86' lang='lat' dir='ltr'>scilicet</span> <span class='ocrx_word' id='word_1_91' title='bbox 1373 1375 1678 1454; x_wconf 90' lang='lat' dir='ltr'>imperium</span> <span class='ocrx_word' id='word_1_92' title='bbox 1706 1376 1784 1434; x_wconf 87' lang='lat' dir='ltr'>ad</span> <span class='ocrx_word' id='word_1_93' title='bbox 1813 1394 2035 1454; x_wconf 87' lang='lat' dir='ltr'>paucos</span> <span class='ocrx_word' id='word_1_94' title='bbox 2058 1375 2297 1435; x_wconf 87' lang='lat' dir='ltr'>omnino</span> <span class='ocrx_word' id='word_1_95' title='bbox 2317 1375 2647 1446; x_wconf 76' lang='lat' dir='ltr'>recidisset,</span> 
     </span>
     <span class='ocr_line' id='line_1_12' title="bbox 458 1467 2645 1549; baseline 0.003 -25"><span class='ocrx_word' id='word_1_96' title='bbox 458 1467 626 1524; x_wconf 86' lang='lat' dir='ltr'>nulla</span> <span class='ocrx_word' id='word_1_97' title='bbox 663 1468 852 1545; x_wconf 79' lang='lat' dir='ltr'>po&#39;etis</span> <span class='ocrx_word' id='word_1_98' title='bbox 900 1468 1150 1546; x_wconf 87' lang='lat' dir='ltr'>amplius</span> <span class='ocrx_word' id='word_1_99' title='bbox 1196 1470 1376 1530; x_wconf 89' lang='lat' dir='ltr'>libere</span> <span class='ocrx_word' id='word_1_100' title='bbox 1419 1469 1699 1549; x_wconf 89' lang='lat' dir='ltr'>loquendi</span> <span class='ocrx_word' id='word_1_101' title='bbox 1749 1471 1999 1530; x_wconf 82' lang='lat' dir='ltr'>facultas</span> <span class='ocrx_word' id='word_1_102' title='bbox 2042 1471 2498 1544; x_wconf 80' lang='lat' dir='ltr'>concedebatur,</span> <span class='ocrx_word' id='word_1_103' title='bbox 2536 1471 2645 1530; x_wconf 89' lang='lat' dir='ltr'>sed</span> 
     </span>
     <span class='ocr_line' id='line_1_13' title="bbox 455 1561 2647 1645; baseline 0.002 -25"><span class='ocrx_word' id='word_1_104' title='bbox 455 1581 663 1641; x_wconf 85' lang='lat' dir='ltr'>poenas</span> <span class='ocrx_word' id='word_1_105' title='bbox 692 1563 832 1624; x_wconf 86' lang='lat' dir='ltr'>dare</span> <span class='ocrx_word' id='word_1_106' title='bbox 859 1561 1286 1642; x_wconf 82' lang='lat' dir='ltr'>potentioribus</span> <span class='ocrx_word' id='word_1_107' title='bbox 1315 1585 1557 1626; x_wconf 88' lang='lat' dir='ltr'>necesse</span> <span class='ocrx_word' id='word_1_108' title='bbox 1591 1575 1737 1639; x_wconf 89' lang='lat' dir='ltr'>erat,</span> <span class='ocrx_word' id='word_1_109' title='bbox 1779 1565 1833 1625; x_wconf 89' lang='lat' dir='ltr'>si</span> <span class='ocrx_word' id='word_1_110' title='bbox 1877 1565 2010 1645; x_wconf 90' lang='lat' dir='ltr'>quis</span> <span class='ocrx_word' id='word_1_111' title='bbox 2041 1567 2135 1626; x_wconf 84' lang='lat' dir='ltr'>vel</span> <span class='ocrx_word' id='word_1_112' title='bbox 2160 1567 2459 1626; x_wconf 90' lang='lat' dir='ltr'>minimum</span> <span class='ocrx_word' id='word_1_113' title='bbox 2487 1576 2647 1627; x_wconf 83' lang='lat' dir='ltr'>esset</span> 
     </span>
     <span class='ocr_line' id='line_1_14' title="bbox 453 1656 2643 1742; baseline 0.002 -27"><span class='ocrx_word' id='word_1_114' title='bbox 453 1656 787 1726; x_wconf 69' lang='lat' dir='ltr'>oblocutus.</span> <span class='ocrx_word' id='word_1_115' title='bbox 871 1660 1035 1720; x_wconf 89' lang='lat' dir='ltr'>Idem</span> <span class='ocrx_word' id='word_1_116' title='bbox 1083 1663 1242 1722; x_wconf 90' lang='lat' dir='ltr'>enim</span> <span class='ocrx_word' id='word_1_117' title='bbox 1279 1662 1727 1742; x_wconf 77' lang='lat' dir='ltr'>Aristophanes,</span> <span class='ocrx_word' id='word_1_118' title='bbox 1772 1661 2271 1741; x_wconf 81' lang='lat' dir='ltr'>quemadmodum</span> <span class='ocrx_word' id='word_1_119' title='bbox 2311 1662 2373 1720; x_wconf 88' lang='lat' dir='ltr'>in</span> <span class='ocrx_word' id='word_1_120' title='bbox 2417 1659 2643 1720; x_wconf 87' lang='lat' dir='ltr'>Achar-</span> 
     </span>
     <span class='ocr_line' id='line_1_15' title="bbox 454 1753 2642 1837; baseline 0.003 -28"><span class='ocrx_word' id='word_1_121' title='bbox 454 1753 734 1813; x_wconf 87' lang='lat' dir='ltr'>nensibus</span> <span class='ocrx_word' id='word_1_122' title='bbox 764 1754 992 1816; x_wconf 88' lang='lat' dir='ltr'>Fabula</span> <span class='ocrx_word' id='word_1_123' title='bbox 1016 1757 1094 1818; x_wconf 86' lang='lat' dir='ltr'>de</span> <span class='ocrx_word' id='word_1_124' title='bbox 1119 1777 1182 1818; x_wconf 90' lang='lat' dir='ltr'>se</span> <span class='ocrx_word' id='word_1_125' title='bbox 1209 1759 1336 1836; x_wconf 90' lang='lat' dir='ltr'>ipse</span> <span class='ocrx_word' id='word_1_126' title='bbox 1363 1758 1649 1830; x_wconf 86' lang='lat' dir='ltr'>meminit,</span> <span class='ocrx_word' id='word_1_127' title='bbox 1690 1757 1955 1837; x_wconf 89' lang='lat' dir='ltr'>quinque</span> <span class='ocrx_word' id='word_1_128' title='bbox 1984 1758 2338 1818; x_wconf 84' lang='lat' dir='ltr'>talentorum</span> <span class='ocrx_word' id='word_1_129' title='bbox 2364 1755 2642 1816; x_wconf 88' lang='lat' dir='ltr'>mulctam</span> 
     </span>
     <span class='ocr_line' id='line_1_16' title="bbox 453 1852 2641 1932; baseline 0.002 -26"><span class='ocrx_word' id='word_1_130' title='bbox 453 1866 770 1926; x_wconf 83' lang='lat' dir='ltr'>perpessus</span> <span class='ocrx_word' id='word_1_131' title='bbox 799 1859 913 1923; x_wconf 90' lang='lat' dir='ltr'>est,</span> <span class='ocrx_word' id='word_1_132' title='bbox 961 1863 1270 1932; x_wconf 88' lang='lat' dir='ltr'>propterea</span> <span class='ocrx_word' id='word_1_133' title='bbox 1297 1852 1456 1932; x_wconf 90' lang='lat' dir='ltr'>quod</span> <span class='ocrx_word' id='word_1_134' title='bbox 1487 1853 1731 1912; x_wconf 85' lang='lat' dir='ltr'>Cleonis</span> <span class='ocrx_word' id='word_1_135' title='bbox 1754 1852 2065 1931; x_wconf 87' lang='lat' dir='ltr'>&#39;cujusdam</span> <span class='ocrx_word' id='word_1_136' title='bbox 2091 1871 2165 1911; x_wconf 88' lang='lat' dir='ltr'>ex</span> <span class='ocrx_word' id='word_1_137' title='bbox 2195 1852 2641 1912; x_wconf 84' lang='lat' dir='ltr'>Atheniensium</span> 
     </span>
     <span class='ocr_line' id='line_1_17' title="bbox 457 1944 2642 2028; baseline 0.001 -24"><span class='ocrx_word' id='word_1_138' title='bbox 457 1944 834 2021; x_wconf 73' lang='lat' dir='ltr'>optimatibus</span> <span class='ocrx_word' id='word_1_139' title='bbox 878 1946 1281 2026; x_wconf 81' lang='lat' dir='ltr'>impotentiam</span> <span class='ocrx_word' id='word_1_140' title='bbox 1311 1957 1372 2006; x_wconf 89' lang='lat' dir='ltr'>et</span> <span class='ocrx_word' id='word_1_141' title='bbox 1397 1947 1735 2026; x_wconf 88' lang='lat' dir='ltr'>peculatum</span> <span class='ocrx_word' id='word_1_142' title='bbox 1761 1965 1865 2026; x_wconf 89' lang='lat' dir='ltr'>per</span> <span class='ocrx_word' id='word_1_143' title='bbox 1893 1947 2137 2026; x_wconf 83' lang='lat' dir='ltr'>Equites</span> <span class='ocrx_word' id='word_1_144' title='bbox 2166 1948 2451 2028; x_wconf 75' lang='lat' dir='ltr'>Fabulam</span> <span class='ocrx_word' id='word_1_145' title='bbox 2476 1946 2642 2008; x_wconf 90' lang='lat' dir='ltr'>dete-</span> 
     </span>
     <span class='ocr_line' id='line_1_18' title="bbox 453 2041 2639 2126; baseline 0.002 -28"><span class='ocrx_word' id='word_1_146' title='bbox 453 2058 592 2116; x_wconf 80' lang='lat' dir='ltr'>gere</span> <span class='ocrx_word' id='word_1_147' title='bbox 619 2049 950 2100; x_wconf 80' lang='lat' dir='ltr'>conaretur.</span> <span class='ocrx_word' id='word_1_148' title='bbox 1034 2041 1264 2100; x_wconf 87' lang='lat' dir='ltr'>Etenim</span> <span class='ocrx_word' id='word_1_149' title='bbox 1303 2042 1392 2101; x_wconf 87' lang='lat' dir='ltr'>illi</span> <span class='ocrx_word' id='word_1_150' title='bbox 1441 2041 1592 2126; x_wconf 82' lang='lat' dir='ltr'>adeo</span> <span class='ocrx_word' id='word_1_151' title='bbox 1637 2041 1749 2102; x_wconf 82' lang='lat' dir='ltr'>fuit</span> <span class='ocrx_word' id='word_1_152' title='bbox 1787 2041 2075 2113; x_wconf 82' lang='lat' dir='ltr'>infensus,</span> <span class='ocrx_word' id='word_1_153' title='bbox 2120 2051 2203 2112; x_wconf 90' lang='lat' dir='ltr'>ut,</span> <span class='ocrx_word' id='word_1_154' title='bbox 2247 2043 2521 2120; x_wconf 89' lang='lat' dir='ltr'>quoniam</span> <span class='ocrx_word' id='word_1_155' title='bbox 2562 2042 2639 2102; x_wconf 86' lang='lat' dir='ltr'>ab</span> 
     </span>
     <span class='ocr_line' id='line_1_19' title="bbox 451 2135 2637 2216; baseline 0.002 -22"><span class='ocrx_word' id='word_1_156' title='bbox 451 2135 658 2214; x_wconf 84' lang='lat' dir='ltr'>opifice</span> <span class='ocrx_word' id='word_1_157' title='bbox 703 2155 1015 2214; x_wconf 83' lang='lat' dir='ltr'>personam</span> <span class='ocrx_word' id='word_1_158' title='bbox 1061 2137 1272 2198; x_wconf 89' lang='lat' dir='ltr'>Cleoni</span> <span class='ocrx_word' id='word_1_159' title='bbox 1319 2136 1564 2198; x_wconf 87' lang='lat' dir='ltr'>similem</span> <span class='ocrx_word' id='word_1_160' title='bbox 1609 2137 1827 2197; x_wconf 86' lang='lat' dir='ltr'>habere</span> <span class='ocrx_word' id='word_1_161' title='bbox 1868 2156 1989 2196; x_wconf 86' lang='lat' dir='ltr'>non</span> <span class='ocrx_word' id='word_1_162' title='bbox 2034 2147 2260 2216; x_wconf 86' lang='lat' dir='ltr'>posset,</span> <span class='ocrx_word' id='word_1_163' title='bbox 2315 2137 2425 2196; x_wconf 88' lang='lat' dir='ltr'>sibi</span> <span class='ocrx_word' id='word_1_164' title='bbox 2472 2135 2637 2198; x_wconf 88' lang='lat' dir='ltr'>milto</span> 
     </span>
     <span class='ocr_line' id='line_1_20' title="bbox 449 2231 2639 2311; baseline 0.001 -21"><span class='ocrx_word' id='word_1_165' title='bbox 449 2231 776 2310; x_wconf 88' lang='lat' dir='ltr'>ceterisque</span> <span class='ocrx_word' id='word_1_166' title='bbox 821 2232 884 2292; x_wconf 91' lang='lat' dir='ltr'>id</span> <span class='ocrx_word' id='word_1_167' title='bbox 933 2251 1121 2311; x_wconf 87' lang='lat' dir='ltr'>genus</span> <span class='ocrx_word' id='word_1_168' title='bbox 1162 2233 1313 2294; x_wconf 78' lang='lat' dir='ltr'>fucis</span> <span class='ocrx_word' id='word_1_169' title='bbox 1342 2233 1745 2293; x_wconf 78' lang='lat' dir='ltr'>concinuerit:</span> <span class='ocrx_word' id='word_1_170' title='bbox 1787 2231 2284 2309; x_wconf 84' lang='lat' dir='ltr'>histrionibusque</span> <span class='ocrx_word' id='word_1_171' title='bbox 2310 2251 2435 2310; x_wconf 81' lang='lat' dir='ltr'>proe</span> <span class='ocrx_word' id='word_1_172' title='bbox 2460 2231 2639 2292; x_wconf 88' lang='lat' dir='ltr'>nimio</span> 
     </span>
     <span class='ocr_line' id='line_1_21' title="bbox 448 2326 2636 2407; baseline 0 -22"><span class='ocrx_word' id='word_1_173' title='bbox 448 2335 608 2385; x_wconf 87' lang='lat' dir='ltr'>metu</span> <span class='ocrx_word' id='word_1_174' title='bbox 647 2346 681 2386; x_wconf 91' lang='lat' dir='ltr'>e</span> <span class='ocrx_word' id='word_1_175' title='bbox 727 2347 909 2388; x_wconf 85' lang='lat' dir='ltr'>scena</span> <span class='ocrx_word' id='word_1_176' title='bbox 949 2329 1184 2407; x_wconf 89' lang='lat' dir='ltr'>prodire</span> <span class='ocrx_word' id='word_1_177' title='bbox 1231 2349 1352 2388; x_wconf 87' lang='lat' dir='ltr'>non</span> <span class='ocrx_word' id='word_1_178' title='bbox 1401 2328 1781 2399; x_wconf 84' lang='lat' dir='ltr'>audentibus,</span> <span class='ocrx_word' id='word_1_179' title='bbox 1827 2326 2069 2386; x_wconf 89' lang='lat' dir='ltr'>Cleonis</span> <span class='ocrx_word' id='word_1_180' title='bbox 2113 2342 2425 2406; x_wconf 84' lang='lat' dir='ltr'>personam</span> <span class='ocrx_word' id='word_1_181' title='bbox 2471 2326 2636 2386; x_wconf 89' lang='lat' dir='ltr'>solus</span> 
     </span>
     <span class='ocr_line' id='line_1_22' title="bbox 449 2421 2637 2506; baseline 0 -27"><span class='ocrx_word' id='word_1_182' title='bbox 449 2439 624 2499; x_wconf 85' lang='lat' dir='ltr'>agere</span> <span class='ocrx_word' id='word_1_183' title='bbox 653 2443 772 2482; x_wconf 89' lang='lat' dir='ltr'>non</span> <span class='ocrx_word' id='word_1_184' title='bbox 816 2424 1114 2486; x_wconf 87' lang='lat' dir='ltr'>dubitarit.</span> <span class='ocrx_word' id='word_1_185' title='bbox 1197 2426 1442 2506; x_wconf 86' lang='lat' dir='ltr'>Eupolis</span> <span class='ocrx_word' id='word_1_186' title='bbox 1472 2444 1608 2484; x_wconf 85' lang='lat' dir='ltr'>vero</span> <span class='ocrx_word' id='word_1_187' title='bbox 1638 2443 1904 2504; x_wconf 75' lang='lat' dir='ltr'>proeceps</span> <span class='ocrx_word' id='word_1_188' title='bbox 1930 2423 1990 2482; x_wconf 88' lang='lat' dir='ltr'>in</span> <span class='ocrx_word' id='word_1_189' title='bbox 2016 2441 2175 2483; x_wconf 85' lang='lat' dir='ltr'>mare</span> <span class='ocrx_word' id='word_1_190' title='bbox 2202 2421 2379 2482; x_wconf 87' lang='lat' dir='ltr'>datus</span> <span class='ocrx_word' id='word_1_191' title='bbox 2406 2432 2519 2492; x_wconf 87' lang='lat' dir='ltr'>est,</span> <span class='ocrx_word' id='word_1_192' title='bbox 2562 2439 2637 2480; x_wconf 88' lang='lat' dir='ltr'>eo</span> 
     </span>
     <span class='ocr_line' id='line_1_23' title="bbox 447 2516 2637 2600; baseline 0 -26"><span class='ocrx_word' id='word_1_193' title='bbox 447 2516 610 2593; x_wconf 92' lang='lat' dir='ltr'>quod</span> <span class='ocrx_word' id='word_1_194' title='bbox 637 2518 998 2596; x_wconf 89' lang='lat' dir='ltr'>potentiores</span> <span class='ocrx_word' id='word_1_195' title='bbox 1027 2520 1254 2600; x_wconf 89' lang='lat' dir='ltr'>aliquot</span> <span class='ocrx_word' id='word_1_196' title='bbox 1280 2521 1338 2578; x_wconf 91' lang='lat' dir='ltr'>in</span> <span class='ocrx_word' id='word_1_197' title='bbox 1371 2521 1576 2600; x_wconf 84' lang='lat' dir='ltr'>Baptis</span> <span class='ocrx_word' id='word_1_198' title='bbox 1603 2518 1805 2579; x_wconf 83' lang='lat' dir='ltr'>fabula</span> <span class='ocrx_word' id='word_1_199' title='bbox 1832 2517 2263 2578; x_wconf 86' lang='lat' dir='ltr'>momordisset.</span> <span class='ocrx_word' id='word_1_200' title='bbox 2345 2517 2500 2577; x_wconf 87' lang='lat' dir='ltr'>Cum</span> <span class='ocrx_word' id='word_1_201' title='bbox 2526 2517 2637 2596; x_wconf 81' lang='lat' dir='ltr'>igi·</span> 
     </span>
     <span class='ocr_line' id='line_1_24' title="bbox 449 2613 2636 2698; baseline 0.002 -28"><span class='ocrx_word' id='word_1_202' title='bbox 449 2621 541 2674; x_wconf 85' lang='lat' dir='ltr'>tur</span> <span class='ocrx_word' id='word_1_203' title='bbox 583 2613 712 2674; x_wconf 80' lang='lat' dir='ltr'>hoec</span> <span class='ocrx_word' id='word_1_204' title='bbox 755 2615 1282 2678; x_wconf 84' lang='lat' dir='ltr'>animadverterent</span> <span class='ocrx_word' id='word_1_205' title='bbox 1324 2620 1540 2698; x_wconf 69' lang='lat' dir='ltr'>poetae,</span> <span class='ocrx_word' id='word_1_206' title='bbox 1583 2615 1970 2676; x_wconf 85' lang='lat' dir='ltr'>decreverunt</span> <span class='ocrx_word' id='word_1_207' title='bbox 2016 2614 2126 2673; x_wconf 92' lang='lat' dir='ltr'>sibi</span> <span class='ocrx_word' id='word_1_208' title='bbox 2168 2615 2293 2674; x_wconf 80' lang='lat' dir='ltr'>fore</span> <span class='ocrx_word' id='word_1_209' title='bbox 2326 2633 2569 2693; x_wconf 84' lang='lat' dir='ltr'>prorsus</span> <span class='ocrx_word' id='word_1_210' title='bbox 2597 2633 2636 2678; x_wconf 79' lang='lat' dir='ltr'>a</span> 
     </span>
     <span class='ocr_line' id='line_1_25' title="bbox 445 2709 2631 2792; baseline 0 -23"><span class='ocrx_word' id='word_1_211' title='bbox 445 2709 773 2792; x_wconf 80' lang='lat' dir='ltr'>maledictis</span> <span class='ocrx_word' id='word_1_212' title='bbox 816 2711 930 2770; x_wconf 90' lang='lat' dir='ltr'>illis</span> <span class='ocrx_word' id='word_1_213' title='bbox 967 2714 1432 2792; x_wconf 87' lang='lat' dir='ltr'>temperandum.</span> <span class='ocrx_word' id='word_1_214' title='bbox 1519 2715 1729 2792; x_wconf 87' lang='lat' dir='ltr'>Itaque</span> <span class='ocrx_word' id='word_1_215' title='bbox 1774 2710 1910 2791; x_wconf 80' lang='lat' dir='ltr'>styli</span> <span class='ocrx_word' id='word_1_216' title='bbox 1955 2729 2167 2770; x_wconf 87' lang='lat' dir='ltr'>nasum</span> <span class='ocrx_word' id='word_1_217' title='bbox 2210 2710 2287 2769; x_wconf 91' lang='lat' dir='ltr'>ob</span> <span class='ocrx_word' id='word_1_218' title='bbox 2324 2709 2631 2770; x_wconf 80' lang='lat' dir='ltr'>imminens</span> 
     </span>
     <span class='ocr_line' id='line_1_26' title="bbox 443 2803 2635 2886; baseline 0.001 -26"><span class='ocrx_word' id='word_1_219' title='bbox 443 2805 582 2864; x_wconf 75' lang='lat' dir='ltr'>vitae</span> <span class='ocrx_word' id='word_1_220' title='bbox 609 2804 922 2865; x_wconf 85' lang='lat' dir='ltr'>discrimen</span> <span class='ocrx_word' id='word_1_221' title='bbox 954 2806 1068 2867; x_wconf 90' lang='lat' dir='ltr'>alio</span> <span class='ocrx_word' id='word_1_222' title='bbox 1097 2818 1532 2880; x_wconf 81' lang='lat' dir='ltr'>converterunt,</span> <span class='ocrx_word' id='word_1_223' title='bbox 1573 2810 1849 2886; x_wconf 58' lang='lat' dir='ltr'>posmata</span> <span class='ocrx_word' id='word_1_224' title='bbox 1888 2807 2113 2866; x_wconf 87' lang='lat' dir='ltr'>scilicet</span> <span class='ocrx_word' id='word_1_225' title='bbox 2157 2803 2397 2866; x_wconf 88' lang='lat' dir='ltr'>Homeri</span> <span class='ocrx_word' id='word_1_226' title='bbox 2428 2804 2521 2864; x_wconf 84' lang='lat' dir='ltr'>vel</span> <span class='ocrx_word' id='word_1_227' title='bbox 2548 2805 2635 2864; x_wconf 85' lang='lat' dir='ltr'>al·</span> 
     </span>
     <span class='ocr_line' id='line_1_27' title="bbox 442 2898 2635 2979; baseline 0 -21"><span class='ocrx_word' id='word_1_228' title='bbox 442 2900 622 2959; x_wconf 89' lang='lat' dir='ltr'>terius</span> <span class='ocrx_word' id='word_1_229' title='bbox 653 2901 714 2958; x_wconf 91' lang='lat' dir='ltr'>in</span> <span class='ocrx_word' id='word_1_230' title='bbox 741 2898 1058 2960; x_wconf 86' lang='lat' dir='ltr'>ludibrium</span> <span class='ocrx_word' id='word_1_231' title='bbox 1083 2921 1244 2979; x_wconf 80' lang='lat' dir='ltr'>saepe</span> <span class='ocrx_word' id='word_1_232' title='bbox 1266 2901 1504 2979; x_wconf 90' lang='lat' dir='ltr'>quidem</span> <span class='ocrx_word' id='word_1_233' title='bbox 1527 2900 1805 2979; x_wconf 87' lang='lat' dir='ltr'>injuriose</span> <span class='ocrx_word' id='word_1_234' title='bbox 1827 2909 2152 2959; x_wconf 84' lang='lat' dir='ltr'>vertentes:</span> <span class='ocrx_word' id='word_1_235' title='bbox 2182 2918 2431 2977; x_wconf 86' lang='lat' dir='ltr'>quorum</span> <span class='ocrx_word' id='word_1_236' title='bbox 2453 2901 2635 2968; x_wconf 77' lang='lat' dir='ltr'>maxi-</span> 
     </span>
     <span class='ocr_line' id='line_1_28' title="bbox 443 2993 2703 3076; baseline 0.001 -24"><span class='ocrx_word' id='word_1_237' title='bbox 443 3013 538 3053; x_wconf 89' lang='lat' dir='ltr'>me</span> <span class='ocrx_word' id='word_1_238' title='bbox 568 2995 846 3055; x_wconf 86' lang='lat' dir='ltr'>Cratinus</span> <span class='ocrx_word' id='word_1_239' title='bbox 877 3014 1074 3055; x_wconf 77' lang='lat' dir='ltr'>scenoe</span> <span class='ocrx_word' id='word_1_240' title='bbox 1099 2997 1439 3076; x_wconf 84' lang='lat' dir='ltr'>populoque</span> <span class='ocrx_word' id='word_1_241' title='bbox 1468 3005 1562 3070; x_wconf 90' lang='lat' dir='ltr'>(ut</span> <span class='ocrx_word' id='word_1_242' title='bbox 1587 2995 1775 3069; x_wconf 88' lang='lat' dir='ltr'>aiunt)</span> <span class='ocrx_word' id='word_1_243' title='bbox 1802 2996 2019 3054; x_wconf 85' lang='lat' dir='ltr'>servire</span> <span class='ocrx_word' id='word_1_244' title='bbox 2043 2993 2363 3056; x_wconf 87' lang='lat' dir='ltr'>contendit.</span> <span class='ocrx_word' id='word_1_245' title='bbox 2434 2993 2631 3054; x_wconf 85' lang='lat' dir='ltr'>Nove·</span> <span class='ocrx_word' id='word_1_246' title='bbox 2700 3009 2703 3014; x_wconf 88' lang='grc'><strong><em>·</em></strong></span> 
     </span>
     <span class='ocr_line' id='line_1_29' title="bbox 443 3079 2630 3170; baseline 0 -21"><span class='ocrx_word' id='word_1_247' title='bbox 443 3099 536 3149; x_wconf 89' lang='lat' dir='ltr'>rat</span> <span class='ocrx_word' id='word_1_248' title='bbox 559 3089 712 3150; x_wconf 88' lang='lat' dir='ltr'>enim</span> <span class='ocrx_word' id='word_1_249' title='bbox 738 3089 1036 3167; x_wconf 83' lang='lat' dir='ltr'>(arbitror)</span> <span class='ocrx_word' id='word_1_250' title='bbox 1061 3079 1130 3151; x_wconf 82' lang='lat' dir='ltr'>id&#39;</span> <span class='ocrx_word' id='word_1_251' title='bbox 1161 3091 1322 3170; x_wconf 89' lang='lat' dir='ltr'>quod</span> <span class='ocrx_word' id='word_1_252' title='bbox 1365 3093 1424 3150; x_wconf 90' lang='lat' dir='ltr'>in</span> <span class='ocrx_word' id='word_1_253' title='bbox 1472 3091 1753 3151; x_wconf 87' lang='lat' dir='ltr'>Oratione</span> <span class='ocrx_word' id='word_1_254' title='bbox 1797 3089 1873 3149; x_wconf 91' lang='lat' dir='ltr'>de</span> <span class='ocrx_word' id='word_1_255' title='bbox 1918 3090 2154 3149; x_wconf 85' lang='lat' dir='ltr'>Corona</span> <span class='ocrx_word' id='word_1_256' title='bbox 2198 3086 2630 3151; x_wconf 83' lang='lat' dir='ltr'>Demosthenes</span> 
     </span>
     <span class='ocr_line' id='line_1_30' title="bbox 443 3183 2629 3269; baseline -0.001 -22"><span class='ocrx_word' id='word_1_257' title='bbox 443 3187 672 3257; x_wconf 84' lang='lat' dir='ltr'>asserit,</span> <span class='ocrx_word' id='word_1_258' title='bbox 713 3205 847 3246; x_wconf 85' lang='lat' dir='ltr'>esse</span> <span class='ocrx_word' id='word_1_259' title='bbox 873 3196 1085 3248; x_wconf 86' lang='lat' dir='ltr'>natura</span> <span class='ocrx_word' id='word_1_260' title='bbox 1111 3201 1532 3269; x_wconf 83' lang='lat' dir='ltr'>comparatum,</span> <span class='ocrx_word' id='word_1_261' title='bbox 1563 3199 1631 3247; x_wconf 86' lang='lat' dir='ltr'>ut</span> <span class='ocrx_word' id='word_1_262' title='bbox 1658 3187 1926 3249; x_wconf 86' lang='lat' dir='ltr'>homines</span> <span class='ocrx_word' id='word_1_263' title='bbox 1957 3183 2160 3245; x_wconf 87' lang='lat' dir='ltr'>libenti</span> <span class='ocrx_word' id='word_1_264' title='bbox 2189 3183 2385 3245; x_wconf 89' lang='lat' dir='ltr'>animo</span> <span class='ocrx_word' id='word_1_265' title='bbox 2404 3184 2629 3250; x_wconf 82' lang='lat' dir='ltr'>calum-</span> 
     </span>
     <span class='ocr_line' id='line_1_31' title="bbox 443 3279 2627 3364; baseline 0 -25"><span class='ocrx_word' id='word_1_266' title='bbox 443 3282 570 3342; x_wconf 86' lang='lat' dir='ltr'>nias</span> <span class='ocrx_word' id='word_1_267' title='bbox 598 3282 841 3343; x_wconf 89' lang='lat' dir='ltr'>aliorum</span> <span class='ocrx_word' id='word_1_268' title='bbox 870 3281 1072 3343; x_wconf 88' lang='lat' dir='ltr'>audire</span> <span class='ocrx_word' id='word_1_269' title='bbox 1097 3283 1422 3344; x_wconf 82' lang='lat' dir='ltr'>videantur.</span> <span class='ocrx_word' id='word_1_270' title='bbox 1497 3283 1745 3364; x_wconf 85' lang='lat' dir='ltr'>Ulysses</span> <span class='ocrx_word' id='word_1_271' title='bbox 1773 3283 1971 3361; x_wconf 88' lang='lat' dir='ltr'>itaque</span> <span class='ocrx_word' id='word_1_272' title='bbox 2002 3279 2211 3359; x_wconf 85' lang='lat' dir='ltr'>plurali</span> <span class='ocrx_word' id='word_1_273' title='bbox 2242 3297 2485 3340; x_wconf 90' lang='lat' dir='ltr'>numero</span> <span class='ocrx_word' id='word_1_274' title='bbox 2514 3281 2627 3340; x_wconf 86' lang='lat' dir='ltr'>Fa·</span> 
     </span>
     <span class='ocr_line' id='line_1_32' title="bbox 441 3374 2629 3459; baseline 0 -24"><span class='ocrx_word' id='word_1_275' title='bbox 441 3376 638 3436; x_wconf 80' lang='lat' dir='ltr'>balam</span> <span class='ocrx_word' id='word_1_276' title='bbox 667 3377 852 3450; x_wconf 89' lang='lat' dir='ltr'>dedit,</span> <span class='ocrx_word' id='word_1_277' title='bbox 893 3398 1030 3459; x_wconf 78' lang='lat' dir='ltr'>quae</span> <span class='ocrx_word' id='word_1_278' title='bbox 1059 3380 1240 3440; x_wconf 85' lang='lat' dir='ltr'>totius</span> <span class='ocrx_word' id='word_1_279' title='bbox 1268 3380 1560 3459; x_wconf 74' lang='lat' dir='ltr'>Odysseae</span> <span class='ocrx_word' id='word_1_280' title='bbox 1579 3379 2034 3438; x_wconf 87' lang='lat' dir='ltr'>calumniaretur</span> <span class='ocrx_word' id='word_1_281' title='bbox 2060 3374 2383 3434; x_wconf 84' lang='lat' dir='ltr'>historiam.</span> <span class='ocrx_word' id='word_1_282' title='bbox 2464 3376 2629 3436; x_wconf 88' lang='lat' dir='ltr'>Aris-</span> 
     </span>
     <span class='ocr_line' id='line_1_33' title="bbox 441 3471 2625 3556; baseline 0 -24"><span class='ocrx_word' id='word_1_283' title='bbox 441 3474 730 3550; x_wconf 89' lang='lat' dir='ltr'>tophanes</span> <span class='ocrx_word' id='word_1_284' title='bbox 779 3493 1036 3554; x_wconf 89' lang='lat' dir='ltr'>quoque,</span> <span class='ocrx_word' id='word_1_285' title='bbox 1099 3485 1416 3556; x_wconf 86' lang='lat' dir='ltr'>postquam</span> <span class='ocrx_word' id='word_1_286' title='bbox 1467 3493 1576 3536; x_wconf 88' lang='lat' dir='ltr'>suo</span> <span class='ocrx_word' id='word_1_287' title='bbox 1626 3475 1783 3534; x_wconf 84' lang='lat' dir='ltr'>malo</span> <span class='ocrx_word' id='word_1_288' title='bbox 1829 3483 2039 3533; x_wconf 87' lang='lat' dir='ltr'>contra</span> <span class='ocrx_word' id='word_1_289' title='bbox 2082 3471 2383 3530; x_wconf 83' lang='lat' dir='ltr'>stimulum</span> <span class='ocrx_word' id='word_1_290' title='bbox 2432 3472 2625 3532; x_wconf 88' lang='lat' dir='ltr'>calces</span> 
     </span>
     <span class='ocr_line' id='line_1_34' title="bbox 441 3566 2623 3648; baseline -0 -20"><span class='ocrx_word' id='word_1_291' title='bbox 441 3569 586 3630; x_wconf 85' lang='lat' dir='ltr'>nibil</span> <span class='ocrx_word' id='word_1_292' title='bbox 629 3571 824 3632; x_wconf 84' lang='lat' dir='ltr'>valere</span> <span class='ocrx_word' id='word_1_293' title='bbox 870 3571 1198 3647; x_wconf 88' lang='lat' dir='ltr'>didicisset,</span> <span class='ocrx_word' id='word_1_294' title='bbox 1237 3573 1298 3633; x_wconf 90' lang='lat' dir='ltr'>in</span> <span class='ocrx_word' id='word_1_295' title='bbox 1341 3573 1584 3634; x_wconf 89' lang='lat' dir='ltr'>alteram</span> <span class='ocrx_word' id='word_1_296' title='bbox 1615 3593 1681 3631; x_wconf 86' lang='lat' dir='ltr'>se</span> <span class='ocrx_word' id='word_1_297' title='bbox 1708 3572 1955 3632; x_wconf 84' lang='lat' dir='ltr'>sormam</span> <span class='ocrx_word' id='word_1_298' title='bbox 1982 3567 2152 3648; x_wconf 87' lang='lat' dir='ltr'>quasi</span> <span class='ocrx_word' id='word_1_299' title='bbox 2191 3566 2442 3626; x_wconf 89' lang='lat' dir='ltr'>Proteus</span> <span class='ocrx_word' id='word_1_300' title='bbox 2479 3587 2623 3636; x_wconf 62' lang='lat' dir='ltr'>con-2</span> 
     </span>
     <span class='ocr_line' id='line_1_35' title="bbox 439 3662 2623 3746; baseline -0.002 -21"><span class='ocrx_word' id='word_1_301' title='bbox 439 3665 633 3739; x_wconf 88' lang='lat' dir='ltr'>vertit,</span> <span class='ocrx_word' id='word_1_302' title='bbox 665 3667 897 3726; x_wconf 85' lang='lat' dir='ltr'>AEolum</span> <span class='ocrx_word' id='word_1_303' title='bbox 921 3668 1144 3729; x_wconf 85' lang='lat' dir='ltr'>scilicet</span> <span class='ocrx_word' id='word_1_304' title='bbox 1173 3670 1458 3732; x_wconf 88' lang='lat' dir='ltr'>Fabulam</span> <span class='ocrx_word' id='word_1_305' title='bbox 1489 3687 1525 3728; x_wconf 87' lang='lat' dir='ltr'>a</span> <span class='ocrx_word' id='word_1_306' title='bbox 1551 3667 1815 3746; x_wconf 81' lang='lat' dir='ltr'>Tragicis</span> <span class='ocrx_word' id='word_1_307' title='bbox 1842 3667 1983 3726; x_wconf 87' lang='lat' dir='ltr'>olim</span> <span class='ocrx_word' id='word_1_308' title='bbox 2011 3664 2386 3734; x_wconf 83' lang='lat' dir='ltr'>celebratam,</span> <span class='ocrx_word' id='word_1_309' title='bbox 2414 3662 2475 3718; x_wconf 89' lang='lat' dir='ltr'>in</span> <span class='ocrx_word' id='word_1_310' title='bbox 2504 3662 2623 3720; x_wconf 89' lang='lat' dir='ltr'>Co-</span> 
     </span>
     <span class='ocr_line' id='line_1_36' title="bbox 439 3755 2623 3844; baseline -0.002 -24"><span class='ocrx_word' id='word_1_311' title='bbox 439 3760 652 3820; x_wconf 84' lang='lat' dir='ltr'>micam</span> <span class='ocrx_word' id='word_1_312' title='bbox 679 3765 1090 3824; x_wconf 75' lang='grc' dir='ltr'>αἰολοσσικῶνα</span> <span class='ocrx_word' id='word_1_313' title='bbox 1118 3765 1442 3827; x_wconf 87' lang='lat' dir='ltr'>deridendo</span> <span class='ocrx_word' id='word_1_314' title='bbox 1470 3765 1839 3844; x_wconf 84' lang='lat' dir='ltr'>permutavit.</span> <span class='ocrx_word' id='word_1_315' title='bbox 1890 3763 1995 3821; x_wconf 88' lang='lat' dir='ltr'>Ille</span> <span class='ocrx_word' id='word_1_316' title='bbox 2021 3760 2175 3820; x_wconf 87' lang='lat' dir='ltr'>idem</span> <span class='ocrx_word' id='word_1_317' title='bbox 2198 3755 2623 3834; x_wconf 84' lang='lat' dir='ltr'>Aristophanes</span> 
     </span>
     <span class='ocr_line' id='line_1_37' title="bbox 433 3851 2621 3934; baseline -0.002 -20"><span class='ocrx_word' id='word_1_318' title='bbox 433 3855 671 3932; x_wconf 78' lang='lat' dir='ltr'>(mirum</span> <span class='ocrx_word' id='word_1_319' title='bbox 697 3857 888 3934; x_wconf 89' lang='lat' dir='ltr'>dictu)</span> <span class='ocrx_word' id='word_1_320' title='bbox 910 3877 1078 3918; x_wconf 79' lang='lat' dir='ltr'>novae</span> <span class='ocrx_word' id='word_1_321' title='bbox 1107 3863 1284 3922; x_wconf 80' lang='lat' dir='ltr'>etiam</span> <span class='ocrx_word' id='word_1_322' title='bbox 1312 3861 1540 3922; x_wconf 87' lang='lat' dir='ltr'>initium</span> <span class='ocrx_word' id='word_1_323' title='bbox 1567 3859 1891 3920; x_wconf 77' lang='lat' dir='ltr'>Comoedias</span> <span class='ocrx_word' id='word_1_324' title='bbox 1912 3857 2099 3928; x_wconf 86' lang='lat' dir='ltr'>dedit,</span> <span class='ocrx_word' id='word_1_325' title='bbox 2118 3853 2281 3934; x_wconf 90' lang='lat' dir='ltr'>quod</span> <span class='ocrx_word' id='word_1_326' title='bbox 2301 3851 2472 3913; x_wconf 84' lang='lat' dir='ltr'>velim</span> <span class='ocrx_word' id='word_1_327' title='bbox 2492 3852 2621 3930; x_wconf 87' lang='lat' dir='ltr'>ejus</span> 
     </span>
     <span class='ocr_line' id='line_1_38' title="bbox 436 3947 2623 4036; baseline -0.002 -25"><span class='ocrx_word' id='word_1_328' title='bbox 436 3953 676 4030; x_wconf 84' lang='lat' dir='ltr'>egregia</span> <span class='ocrx_word' id='word_1_329' title='bbox 702 3953 879 4016; x_wconf 89' lang='lat' dir='ltr'>laude</span> <span class='ocrx_word' id='word_1_330' title='bbox 909 3953 1132 4014; x_wconf 88' lang='lat' dir='ltr'>dictum</span> <span class='ocrx_word' id='word_1_331' title='bbox 1159 3956 1471 4018; x_wconf 87' lang='lat' dir='ltr'>arbitreris.</span> <span class='ocrx_word' id='word_1_332' title='bbox 1553 3957 1789 4036; x_wconf 85' lang='lat' dir='ltr'>Quippe</span> <span class='ocrx_word' id='word_1_333' title='bbox 1816 3974 1950 4016; x_wconf 89' lang='lat' dir='ltr'>cum</span> <span class='ocrx_word' id='word_1_334' title='bbox 1978 3973 2131 4013; x_wconf 90' lang='lat' dir='ltr'>unus</span> <span class='ocrx_word' id='word_1_335' title='bbox 2156 3952 2284 4031; x_wconf 86' lang='lat' dir='ltr'>ipse</span> <span class='ocrx_word' id='word_1_336' title='bbox 2311 3956 2493 4027; x_wconf 86' lang='lat' dir='ltr'>queat</span> <span class='ocrx_word' id='word_1_337' title='bbox 2518 3947 2623 4008; x_wconf 86' lang='lat' dir='ltr'>tri-</span> 
     </span>
     <span class='ocr_line' id='line_1_39' title="bbox 436 4045 2623 4130; baseline 0 -26"><span class='ocrx_word' id='word_1_338' title='bbox 436 4045 608 4123; x_wconf 83' lang='lat' dir='ltr'>plicis</span> <span class='ocrx_word' id='word_1_339' title='bbox 637 4049 964 4126; x_wconf 78' lang='lat' dir='ltr'>argumenti</span> <span class='ocrx_word' id='word_1_340' title='bbox 993 4051 1170 4128; x_wconf 65' lang='lat' dir='ltr'>poeta</span> <span class='ocrx_word' id='word_1_341' title='bbox 1197 4053 1452 4130; x_wconf 78' lang='lat' dir='ltr'>reperiri,</span> <span class='ocrx_word' id='word_1_342' title='bbox 1496 4051 1785 4130; x_wconf 89' lang='lat' dir='ltr'>siquidem</span> <span class='ocrx_word' id='word_1_343' title='bbox 1830 4061 1891 4109; x_wconf 86' lang='lat' dir='ltr'>et</span> <span class='ocrx_word' id='word_1_344' title='bbox 1926 4049 2121 4120; x_wconf 88' lang='lat' dir='ltr'>aliam,</span> <span class='ocrx_word' id='word_1_345' title='bbox 2168 4046 2261 4105; x_wconf 90' lang='lat' dir='ltr'>cui</span> <span class='ocrx_word' id='word_1_346' title='bbox 2289 4063 2499 4112; x_wconf 85' lang='lat' dir='ltr'>nomen</span> <span class='ocrx_word' id='word_1_347' title='bbox 2526 4054 2623 4104; x_wconf 86' lang='lat' dir='ltr'>est</span> 
     </span>
     <span class='ocr_line' id='line_1_40' title="bbox 439 4141 2619 4224; baseline 0.001 -26"><span class='ocrx_word' id='word_1_348' title='bbox 439 4141 683 4215; x_wconf 87' lang='lat' dir='ltr'>Cocalo,</span> <span class='ocrx_word' id='word_1_349' title='bbox 717 4143 998 4206; x_wconf 85' lang='lat' dir='ltr'>Fabulam</span> <span class='ocrx_word' id='word_1_350' title='bbox 1027 4158 1391 4210; x_wconf 85' lang='lat' dir='ltr'>commentus</span> <span class='ocrx_word' id='word_1_351' title='bbox 1431 4169 1566 4210; x_wconf 83' lang='lat' dir='ltr'>esse</span> <span class='ocrx_word' id='word_1_352' title='bbox 1591 4149 1825 4220; x_wconf 86' lang='lat' dir='ltr'>dicitur,</span> <span class='ocrx_word' id='word_1_353' title='bbox 1868 4147 1927 4207; x_wconf 90' lang='lat' dir='ltr'>in</span> <span class='ocrx_word' id='word_1_354' title='bbox 1972 4163 2091 4224; x_wconf 90' lang='lat' dir='ltr'>qua</span> <span class='ocrx_word' id='word_1_355' title='bbox 2132 4142 2419 4221; x_wconf 75' lang='lat' dir='ltr'>virginum</span> <span class='ocrx_word' id='word_1_356' title='bbox 2460 4161 2619 4213; x_wconf 67' lang='lat' dir='ltr'>com7</span> 
     </span>
    </p>
   </div>
  </div>
 </body>
</html>
