3234 4934
1249 429 1613 478 Tssann'ru
1664 427 1869 477 VITA·
2556 414 2649 480 ω

473 572 708 652 quidem
735 569 893 643 vicit,
934 578 995 630 et
1039 569 1398 630 tributariam
1444 569 1604 642 fecit,
1648 589 1765 630 non
1806 568 2014 629 evertit
2056 577 2253 630 tamen
2282 569 2470 648 ipsam
2498 568 2647 630 Car·

471 668 807 748 thaginem3
850 665 957 726 sed
981 685 1166 746 nepos
1193 667 1320 742 ejus
1349 666 1685 746 adoptivus,
1714 666 2026 727 Africanus
2052 664 2259 725 minor.
2342 664 2647 726 Hanniba-

473 765 587 826 lem
632 773 916 843 praterea
958 762 1112 822 bello
1153 763 1312 833 vicit,
1354 761 1719 840 fugavitque,
1769 761 1877 822 sed
1922 778 2297 840 nequaquam
2338 758 2647 824 interfecit.

475 860 701 939 Nempe
744 859 844 939 qui
892 859 1081 919 victus
1123 858 1186 917 in
1216 858 1418 920 Asiam
1443 858 1723 938 profugit,
1750 868 1814 919 et
1839 859 1951 918 sub
1982 856 2271 917 Antiocho
2296 875 2435 936 rege
2464 857 2647 937 Syria

471 956 726 1015 militans
755 954 1002 1015 consilio
1041 965 1219 1033 atque
1263 973 1443 1034 opera
1490 975 1600 1014 sua
1642 969 1701 1015 et
1746 955 1903 1034 regis
1947 953 2211 1033 potentia
2251 971 2467 1013 novum
2510 972 2647 1016 cum

472 1052 752 1111 Romanis
777 1049 994 1110 bellum
1023 1049 1222 1109 denuo
1249 1049 1455 1128 gessit.
1538 1049 1690 1116 Quoe
1716 1049 1959 1110 historia
1984 1049 2274 1121 omnibus,
2302 1047 2403 1128 qui
2430 1049 2489 1107 in
2518 1048 2649 1108 tali-

467 1147 577 1206 bus
627 1145 926 1225 ingenium
973 1155 1270 1217 exercent,
1308 1143 1649 1223 planissime
1696 1155 1840 1206 nota
1882 1153 1993 1205 est.
2078 1143 2312 1205 Deinde
2356 1143 2647 1224 Scipionis

466 1241 880 1321 triumphantis
919 1260 1152 1301 currum
1196 1256 1316 1300 non
1365 1241 1460 1301 hic
1502 1241 1811 1301 Terentius
1852 1242 2103 1322 pileatus
2145 1251 2493 1321 prosecutus
2529 1250 2645 1312 est,

469 1337 576 1399 sed
605 1339 752 1398 alter
778 1337 954 1416 hujus
983 1336 1255 1409 nominis,
1285 1337 1588 1398 Romanus
1618 1338 1803 1398 civis:
1846 1349 1926 1411 et,
1956 1346 2023 1396 ut
2048 1336 2318 1397 Valerius
2348 1336 2647 1396 Maximus

468 1443 740 1506 testatur,
785 1433 1058 1512 proetoria
1099 1432 1318 1492 familia
1359 1443 1545 1505 ortus,
1595 1443 1653 1494 et
1696 1433 1847 1493 inter
1871 1451 2097 1512 paucos
2124 1430 2400 1491 senatorii
2426 1431 2647 1490 ordinis

471 1528 840 1608 splendidus.
925 1527 1040 1595 Qui
1067 1528 1241 1590 etiam
1271 1538 1404 1606 post
1433 1526 1492 1587 id
1523 1537 1775 1618 tempuS,
1804 1539 1945 1588 tunc
1973 1527 2217 1600 scilicet,
2256 1547 2393 1588 cum
2420 1525 2647 1607 Scipio-
2775 1594 2781 1600 ,

469 1624 562 1684 nis
588 1625 766 1684 frater
789 1634 1103 1686 accusatus
1129 1635 1222 1684 est
1246 1625 1474 1698 Romoe,
1501 1635 1819 1705 praeturam
1846 1625 2052 1703 gessit.
2136 1623 2250 1684 Hie
2276 1642 2417 1703 ergo
2442 1622 2647 1683 trium-

468 1719 706 1801 phantis
747 1739 979 1782 currum
1029 1721 1320 1800 Scipionis
1363 1733 1709 1801 prosecutus
1755 1732 1866 1792 est,
1923 1720 2079 1801 pileo
2125 1718 2305 1800 capiti
2351 1718 2647 1798 imposito,

469 1815 630 1896 quod
680 1815 916 1876 donatae
959 1815 1242 1878 libertatis
1292 1817 1524 1896 signum
1569 1828 1713 1879 erat.
1815 1819 2084 1886 Quatuor
2128 1815 2309 1878 millia
2355 1814 2647 1895 siquidem

469 1911 868 1989 Romanorum
894 1912 1125 1984 civium,
1166 1914 1266 1990 qui
1305 1913 1466 1973 bello
1500 1913 1725 1974 Punico
1752 1915 1909 1992 capti
1936 1923 2107 1973 erant
2132 1923 2194 1972 et
2220 1912 2279 1970 in
2308 1912 2650 1972 servitutem

469 2007 711 2077 redacti,
737 2007 924 2067 victor
952 2007 1148 2087 Scipio
1175 2007 1448 2067 liberatos
1473 2007 1533 2064 in
1561 2007 1811 2086 patriam
1844 2006 2095 2066 reduxit.
2178 2006 2339 2066 Inter
2354 2025 2507 2085 quos
2534 2007 2648 2066 fuit

473 2101 572 2162 hic
593 2102 917 2174 Terentius,
946 2103 1021 2163 de
1041 2123 1161 2183 quo
1189 2102 1331 2175 dixi,
1359 2112 1420 2162 et
1447 2115 1567 2162 tam
1595 2122 1819 2164 memor
1843 2103 2109 2164 beneficii
2138 2102 2387 2182 accepti,
2409 2112 2649 2181 tamque

474 2199 846 2279 singulariter
870 2209 1007 2261 ante
1035 2217 1237 2258 omnes
1267 2211 1491 2278 gratus,
1535 2209 1602 2258 ut
1644 2219 1749 2279 per
1786 2217 2016 2262 omnem
2058 2199 2238 2258 vitam
2280 2199 2649 2260 liberatorem
2736 2247 2745 2254 .

473 2313 642 2355 suum
673 2295 1004 2376 Scipionem
1035 2295 1192 2354 omni
1240 2295 1524 2373 obsequio
1571 2314 1643 2354 ac
1688 2294 2028 2374 patrociniis
2056 2293 2255 2354 debita
2279 2295 2650 2356 veneratione

472 2391 736 2452 coluerit.
822 2391 1120 2472 Triumphi
1149 2401 1342 2451 autem
1374 2391 1469 2451 die
1496 2402 1635 2471 post
1660 2411 1793 2452 eum
1822 2392 2075 2471 pileatus
2100 2390 2363 2463 incessit,
2395 2389 2510 2451 hoc
2536 2401 2649 2462 est,

473 2486 665 2547 liberti
689 2486 935 2546 habitu:
976 2487 1146 2566 quasi
1192 2507 1297 2567 per
1342 2485 1500 2545 illius
1542 2486 1649 2546 viri
1692 2487 1959 2548 virtutem
1990 2506 2055 2548 se
2081 2487 2336 2546 libertati
2362 2485 2651 2548 redditum

477 2583 698 2662 populo
739 2583 1008 2644 Romano
1042 2583 1200 2663 pileo
1227 2592 1483 2644 testante
1512 2583 1889 2644 denuntians.
1972 2583 2125 2651 Quae
2148 2583 2345 2643 omnia
2369 2583 2526 2661 apud
2552 2582 2652 2642 Ti-

477 2686 604 2736 tum
634 2677 878 2750 Livium,
897 2679 1332 2738 celeberrimum
1355 2677 1717 2750 historicum,
1740 2689 1883 2740 nota
1904 2689 2064 2738 sunt.
2122 2678 2242 2740 Sed
2264 2679 2459 2738 minus
2478 2677 2653 2739 miror

477 2773 870 2834 scholasticos
895 2773 1024 2834 hoc·
1047 2793 1238 2834 errore
1280 2775 1579 2854 deceptos,
1625 2795 1759 2836 cum
1800 2773 2024 2835 Paulus
2054 2775 2303 2836 Orosius
2328 2774 2443 2834 hoc
2471 2773 2653 2852 scrip-

475 2870 652 2928 seritt
685 2869 758 2930 de
779 2888 898 2948 quo
924 2868 1240 2929 admodum
1271 2871 1527 2941 mirarer,
1550 2871 1663 2930 nisi
1684 2870 1845 2950 quod
1864 2870 2159 2931 interdum
2180 2889 2397 2951 magna
2415 2870 2652 2950 quidem

477 2965 716 3043 ingenia
741 2975 803 3024 et
828 2965 890 3022 in
919 2963 1118 3022 multis
1145 2975 1436 3042 occupata
1462 2976 1528 3021 et,
1547 2965 1699 3024 inter
1723 2964 2100 3025 difficultates
2136 2977 2333 3026 erecta
2369 2985 2651 3044 equorum

477 3060 664 3120 instar
690 3068 923 3139 propter
950 3059 1246 3118 incautam
1274 3061 1644 3120 securitatem
1674 3060 1735 3118 in
1764 3060 1943 3138 plano
1969 3061 2283 3139 cespitant.
2366 3059 2653 3119 identitas

477 3154 752 3230 nominis,
779 3156 840 3215 ni
867 3155 1058 3227 fallor,
1087 3173 1337 3216 errorem
1373 3157 1534 3230 fecit,
1579 3157 1740 3234 quod
1785 3157 2009 3218 scilicet
2047 3166 2295 3235 uterque
2321 3154 2652 3216 Terentius.

479 3251 602 3314 Sed
625 3253 1086 3332 circumspectus
1113 3252 1289 3312 homo
1325 3269 1444 3314 non
1473 3252 1642 3324 vidit,
1690 3251 1852 3332 quod
1894 3271 1961 3312 se
2003 3252 2189 3314 oculis
2230 3252 2554 3332 ingerebat,
2592 3250 2654 3310 in

476 3348 679 3433 primis
704 3349 1095 3410 diversitatem
1121 3351 1556 3428 cognominum,
1599 3369 1737 3428 quae
1777 3347 1856 3408 ad
1895 3348 2305 3409 discretionem
2352 3348 2655 3408 nominum

481 3455 620 3505 sunt
645 3446 903 3516 inventa,
931 3443 1092 3525 quod
1119 3444 1344 3505 scilicet
1361 3443 1461 3505 ille
1481 3444 1791 3504 Terentius
1812 3444 2022 3516 Culeo,
2044 3445 2141 3505 hic
2158 3443 2466 3504 Terentius
2492 3443 2653 3517 Afer,

483 3551 555 3599 ut
579 3540 734 3602 tituli
760 3541 938 3620 hujus
963 3541 1154 3620 operis
1181 3541 1444 3602 indicant
1461 3540 1606 3608 fille
1627 3542 1952 3615 Romanus,
1980 3541 2090 3601 iste
2118 3539 2654 3619 Carthaginiensis:

485 3635 584 3695 ille
623 3655 656 3695 e
685 3637 962 3696 servitute
1000 3639 1060 3696 in
1088 3637 1436 3710 libertatem,
1465 3639 1576 3700 iste
1605 3646 1801 3699 autem
1830 3649 2037 3698 eontra
2068 3657 2101 3698 e
2144 3635 2411 3697 libertate
2444 3637 2506 3696 in
2534 3655 2655 3696 ser-

485 3731 728 3790 vitutem
772 3729 1026 3798 ductus:
1087 3731 1184 3796 ille
1213 3743 1469 3806 senator,
1514 3732 1610 3794 hie
1635 3735 1845 3813 poeta3
1904 3733 2002 3794 ine
2040 3732 2165 3812 jam
2209 3733 2403 3793 senior
2428 3751 2521 3804 eo,
2560 3732 2655 3792 hic

483 3844 632 3906 puer
655 3843 726 3886 eo
751 3833 1032 3906 tempore,
1057 3846 1175 3905 quo
1202 3847 1238 3887 a
1266 3829 1544 3889 Romanis
1587 3829 1839 3890 ducibus
1867 3841 2075 3909 captus
2103 3838 2231 3889 est:
2270 3831 2331 3886 in
2360 3847 2479 3907 qua
2516 3846 2657 3906 cap-

483 3917 708 3982 tivitate
735 3921 813 3982 ob
841 3916 1192 4000 elegantiam
1219 3941 1443 3984 morum
1470 3923 1549 3984 ad
1575 3943 1921 4003 magnorum
1943 3925 2101 3987 venit
2127 3924 2446 3991 amicitias:
2474 3935 2657 4002 utque

483 4022 571 4076 ait
596 4017 884 4078 Eusebius
914 4017 1063 4078 libro
1090 4017 1164 4078 de
1190 4019 1594 4100 Temporibus,
1623 4024 1700 4081 ob
1728 4023 2028 4102 ingenium
2046 4032 2107 4082 et
2128 4023 2370 4082 formam
2390 4021 2657 4081 libertate

485 4113 744 4176 donatus
793 4124 904 4174 est.
1009 4115 1168 4174 Inter
1222 4126 1311 4176 tot
1347 4116 1712 4180 diversitates
1765 4119 1970 4180 fallere
2014 4135 2135 4177 una
2182 4136 2301 4177 non
2357 4116 2658 4177 debuisset

485 4208 798 4274 identitas..
871 4210 985 4270 Hic
1010 4229 1155 4274 sane
1199 4211 1504 4280 Terentius
1533 4233 1568 4272 a
1611 4215 1895 4294 principio
1931 4214 2257 4294 juventutis
2304 4233 2427 4275 suae
2478 4214 2659 4279 fertur
