3234 4934
1051 452 1147 501 nn
1193 450 1478 503 uarius
1521 450 2067 502 ruunt-vrum&
2522 438 2655 505 243

601 612 608 619 '
706 607 956 669 Tardior
981 617 1050 669 ut
1073 608 1253 689 paulo
1279 608 1625 689 graviorque
1652 607 1881 669 veniret
1906 608 1985 669 ad
2014 607 2209 683 aures,

707 701 1040 781 Spondoeos
1069 701 1310 763 stabiles
1337 703 1397 761 in
1416 703 1556 781 jura
1575 712 1828 783 paterna
1853 704 2075 785 recepit

707 798 1071 859 Commodus
1098 809 1160 859 et
1179 798 1446 879 patiens:
1488 816 1610 858 non
1634 810 1707 860 ut
1734 799 1809 860 de
1838 800 1985 861 sede
2009 799 2274 862 secunda

711 893 968 956 Cedet-et
991 905 1097 955 aut
1122 903 1336 972 quarta
1359 892 1692 954 socialiter:
1732 893 1831 955 hic
1858 906 1921 956 et
1947 895 2007 955 in
2034 897 2181 957 Acci

713 988 1026 1049 Nobilibus
1052 988 1330 1049 trimetris
1357 996 1603 1069 apparet
1626 1006 1793 1049 rarus
1832 1000 1895 1049 et
1920 990 2098 1051 Enni.

712 1084 782 1144 In
811 1102 1048 1145 scenam
1070 1086 1289 1145 missus
1316 1105 1450 1146 cum
1475 1104 1696 1165 magno
1722 1085 1983 1165 pondere
2011 1104 2211 1147 versus

707 1180 833 1238 Aut
858 1197 1056 1259 operoe
1081 1179 1290 1241 celeris
1317 1179 1560 1239 nimium
1585 1198 1849 1260 curaque
1878 1184 2158 1255 carentis,

714 1275 836 1333 Aut
861 1274 1152 1353 ignorate
1177 1276 1388 1355 premit
1413 1278 1554 1337 artis
1579 1278 1825 1337 crimine
1846 1278 2027 1357 turpi.

717 1368 857 1427 Non
884 1364 1092 1448 quivis'
1109 1370 1270 1431 videt
1293 1369 1679 1432 immodulata
1704 1374 1985 1451 poemata
1999 1371 2187 1453 judex
2210 1392 2227 1432 z

716 1463 792 1522 Et
819 1462 963 1524 data
985 1464 1268 1526 Romanis
1297 1467 1474 1527 venia
1499 1477 1594 1527 est
1618 1466 1867 1547 indigna
1892 1468 2107 1547 poetis.

717 1556 1022 1621 Idcircone
1045 1580 1244 1640 vag-er,
1272 1562 1645 1641 scribamque
1671 1561 1955 1624 licenter?
1993 1571 2063 1623 ut
2085 1580 2293 1623 omnes

717 1652 963 1714 Visuros
988 1665 1234 1735 peccata
1263 1666 1464 1737 putem
1491 1676 1645 1729 mea,
1671 1666 1837 1719 tutus
1864 1668 1929 1718 et
1951 1659 2108 1719 intra

720 1748 898 1827 Spem
927 1751 1116 1811 veniae
1143 1751 1397 1812 cautus?
1439 1752 1616 1812 vitavi
1646 1751 1904 1832 denique
1931 1753 2190 1833 culpam,

716 1845 856 1905 Non
881 1847 1118 1908 laudem
1145 1851 1354 1910 merui.
1432 1851 1558 1911 Vos
1579 1851 1941 1929 exemplaria
1969 1851 2189 1914 Graeca

723 1940 1036 2001 Nocturna
1059 1956 1290 2005 versate
1318 1965 1521 2018 manu,
1547 1955 1781 2005 versate
1810 1945 2046 2007 diurna.

727 2035 807 2094 At
829 2036 1010 2097 vestri
1034 2040 1237 2117 proavi
1261 2039 1573 2100 Plautinos
1601 2050 1665 2099 et
1690 2058 1965 2101 numeros
1990 2052 2054 2101 et

727 2128 1068 2194 Laudavere
1099 2133 1292 2197 sales:
1335 2134 1579 2196 nimium
1602 2134 1900 2215 patienter
1923 2143 2258 2215 utrumque,

728 2226 822 2286 Ne
849 2225 1066 2299 dicam,
1095 2229 1276 2289 stulte
1302 2228 1528 2297 miratiz
1573 2229 1625 2290 si
1653 2228 1833 2290 modo
1858 2248 1974 2309 ego
2002 2240 2063 2293 et
2088 2249 2194 2290 vos

728 2322 960 2384 Scimus
987 2324 1338 2385 inurbanum
1363 2324 1565 2403 lepido
1595 2342 1882 2405 seponere
1908 2325 2089 2400 dicto,

729 2417 1198 2499 Legitimumque
1225 2438 1436 2480 sonum
1466 2417 1671 2499 digitis
1694 2418 1981 2481 callemus
2008 2429 2069 2481 et
2096 2436 2255 2480 aure.

491 2558 766 2621 Candide
795 2561 985 2640 magis
1013 2560 1090 2621 de
1117 2561 1190 2620 iis
1207 2560 1460 2642 judicat,
1481 2562 1934 2624 venustissimus
1961 2563 2023 2622 in
2055 2562 2214 2623 tenui
2242 2563 2485 2624 materia
2506 2564 2685 2643 scrip·

491 2667 603 2729 tor,
632 2656 1019 2717 Terentianus
1045 2656 1315 2729 Maurus,
1342 2676 1403 2735 p.
1435 2658 1623 2717 2433.

895 2782 1187 2864 culpatur
1215 2793 1413 2846 autem
1440 2802 1645 2845 versus
1669 2782 1733 2843 in
1759 2780 2111 2861 Tragoediis,

893 2880 973 2939 Et
995 2896 1161 2940 rarus
1189 2879 1370 2939 intrat
1397 2895 1472 2939 ex
1497 2876 1710 2939 iambis
1736 2877 2048 2939 omnibus:

904 2975 988 3034 Ut
1010 2974 1112 3034 ille
1139 2984 1369 3047 contra,
1396 2973 1497 3052 qui
1525 2971 1793 3034 secundo
1818 2982 1882 3033 et
1904 2970 2123 3033 talibus

899 3067 1245 3149 Spondoeon
1272 3080 1377 3129 aut
1401 3088 1580 3147 quem
1607 3086 1942 3147 comparem
1970 3067 2269 3147 receperit.

901 3162 1022 3225 Sed
1049 3164 1154 3243 qui
1179 3162 1486 3243 pedestres
1513 3160 1749 3223 fabulas
1776 3162 1968 3222 Soeco
1992 3170 2285 3240 premunt,

899 3261 982 3320 Ut
1007 3279 1144 3341 quoe
1170 3257 1494 3338 loquuntur
1521 3267 1719 3321 sumta
1738 3256 1815 3317 de
1841 3256 1967 3317 vita
1989 3266 2185 3335 putes,

902 3355 1134 3417 Vitiant
1157 3354 1396 3415 iambon
1425 3352 1713 3415 tractibus
1742 3350 2105 3431 spondaicis,

903 3452 983 3512 Et
1010 3452 1070 3511 in
1101 3449 1368 3513 secundo
1394 3458 1456 3512 et
1480 3448 1695 3511 ceteris
1722 3466 1893 3527 usque
1920 3446 2109 3509 locis:

905 3546 1232 3626 Fidemque
1258 3545 1414 3607 fictis
1437 3543 1580 3605 dum
1605 3552 1927 3623 procurant
1952 3542 2191 3616 fabulis,

911 3644 980 3702 In
1009 3654 1198 3705 metra
1223 3651 1498 3725 peccant,
1525 3649 1674 3714 arte,
1700 3658 1823 3701 non
1845 3638 2120 3701 inscitia:

907 3737 1006 3797 Ne
1035 3737 1156 3797 sint
1179 3755 1398 3797 sonora
1422 3736 1603 3797 verba
1627 3732 2100 3806 consuetudinis,

912 3831 1282 3913 Paulumque
1309 3849 1514 3891 rursus
1543 3850 1582 3891 a
1601 3830 1813 3891 solutis
1834 3828 2130 3891 differant.

913 3927 1113 4008 Magis
1142 3926 1248 3989 illa
1277 3926 1500 3987 nostri:
1545 3944 1682 3985 nam
1712 3926 1835 3985 fere
1863 3923 2094 3985 Groecis
2122 3933 2301 3984 tenax

907 4025 1070 4085 Cura
1095 4030 1191 4084 est
1215 4021 1414 4094 iambi,
1445 4021 1536 4083 vel
1555 4020 1806 4081 novellis
1832 4018 2097 4093 cornicis,

912 4119 1024 4182 Vel
1051 4120 1153 4200 qui
1179 4128 1414 4180 vetusta
1437 4118 1768 4198 praecluent
1794 4114 2119 4178 Comoedia.

516 4236 792 4296 Ceterum
842 4232 1004 4313 quod
1053 4232 1112 4293 in
1157 4230 1424 4313 utrisque
1464 4231 1758 4312 vituperat
1784 4230 2059 4300 Flaccus,
2102 4233 2165 4287 et
2201 4224 2261 4285 in
2305 4221 2561 4284 Cornicis
2599 4238 2699 4282 ex-
