3234 4934
602 404 729 467 156
1218 416 1486 467 sumus
1534 416 1792 465 cAEssn
1841 416 2211 465 scamonii

599 561 757 621 enim
782 560 1001 620 vocalis
1030 558 1287 633 eliditur,
1316 559 1419 620 sed
1450 569 1674 638 perstat
1703 558 1884 638 longa
1906 571 2042 637 ante
2065 561 2477 638 aspirationem
2502 558 2784 634 adverbii,

599 656 775 716 hinc:
818 665 880 715 et
929 654 1261 715 trochaicus
1309 654 1565 715 decurrit
1613 656 1951 714 octonarius
2003 655 2403 715 catalecticus·
2508 655 2676 717 Sicut
2726 658 2784 716 in

599 753 779 810 verbo
806 751 1211 832 monosyllabo
1238 751 1403 811 nulla
1430 751 1565 811 item
1613 750 1844 811 collisio
1893 752 1978 824 fit,
2021 772 2213 831 neque
2265 752 2325 809 in
2373 750 2670 823 adver-bic,
2713 772 2792 859 ⁰⁰,

602 867 810 907 versu.
856 854 875 881 ‘
904 848 1027 907 Ora
1070 867 1184 918 me,
1225 849 1471 908 obsecro
1514 858 1575 907 te
1620 867 1780 921 vern,
1828 847 2124 919 Phaedria,
2175 848 2194 906 i
2243 848 2430 913 intro·
2481 848 2601 920 boi,
2650 836 2792 909 hei!

602 943 878 1022 Corrupit
902 945 1077 1005 etiam
1104 944 1461 1024 syllabarum
1489 944 1886 1025 quantitates:
1930 956 1995 1004 ut
2025 945 2082 1003 in
2112 945 2214 1005 illo
2242 944 2505 1024 ejusdem
2533 944 2785 1004 fabulae:

604 1044 621 1073 ‘
650 1040 751 1100 Sic
780 1051 891 1113 est,
934 1039 1221 1101 inveniam
1251 1040 1428 1104 hodie
1454 1061 1657 1121 parem
1685 1043 1784 1102 ubi
1813 1043 1911 1121 pol
1939 1042 2182 1101 referam
2215 1041 2504 1121 gratiam!
2586 1042 2784 1102 Ausus

600 1144 693 1195 est
720 1135 913 1195 dicere
944 1135 1299 1207 adverbium,
1327 1137 1526 1209 hodie,
1566 1138 1810 1218 primam
1839 1137 2164 1217 producere
2190 1157 2206 1197 ε
2248 1137 2548 1216 quoniam,
2575 1136 2785 1217 inquit,

600 1230 757 1290 idem
800 1233 896 1305 sit,
938 1252 1007 1293 ac
1050 1236 1099 1293 si
1142 1233 1329 1308 dicas,
1372 1234 1487 1295 hoc
1528 1233 1645 1295 die.
1729 1236 1829 1307 At,
1873 1234 2030 1313 quod
2076 1252 2368 1312 nusquam
2411 1243 2524 1304 est,
2568 1245 2785 1294 narrat.

602 1326 754 1387 Nam
783 1349 917 1389 cum
938 1339 1050 1401 est,
1071 1329 1185 1391 hoc
1203 1330 1319 1402 die,
1340 1340 1580 1409 propter
1600 1330 1949 1408 positionem
1976 1328 2335 1408 producitur.
2401 1328 2552 1387 Nam
2579 1340 2786 1407 suapte

602 1435 815 1484 natura
860 1426 1035 1486 breve
1082 1445 1401 1504 pronomen
1450 1436 1580 1485 est.
1633 1426 1786 1485 sicut
1835 1425 1960 1503 ejus
2010 1444 2268 1503 compar,
2311 1424 2428 1485 hic.
2510 1424 2786 1484 Graecum

602 1512 753 1578 e'nim
782 1530 894 1591 est,
935 1521 987 1579 ὅ.
1071 1522 1269 1589 Quare
1312 1519 1453 1579 illud
1501 1520 1924 1600 virgilianum:
1969 1526 1985 1553 ‘
2013 1520 2144 1579 Hoc
2173 1530 2300 1579 erat
2327 1521 2482 1579 alma
2509 1520 2784 1599 parens·

602 1635 722 1677 non
752 1616 941 1675 solum
966 1625 1205 1695 propter
1232 1617 1772 1696 interrogationem,
1825 1616 1930 1675 sed
1960 1616 2136 1675 etiam
2163 1616 2239 1674 ob
2269 1613 2512 1695 syllabae
2541 1615 2788 1675 servitu-

602 1722 739 1784 tem,
781 1712 1008 1790 legunt,
1044 1714 1258 1784 Haece,
1307 1713 1345 1772 ii
1383 1713 1482 1792 qui
1512 1712 1824 1772 existimati
1856 1724 1997 1771 sunt
2021 1709 2331 1771 doctiores.
2416 1710 2602 1771 Breve
2629 1713 2786 1772 enim

600 1810 784 1869 fuisse
809 1809 903 1869 vel
947 1809 1084 1869 inde
1121 1809 1594 1889 deprehenditur,
1641 1810 1735 1869 ubi
1764 1820 2128 1869 consonante
2157 1808 2376 1867 amissa
2403 1808 2459 1866 in
2491 1807 2786 1881 adven-bic,

600 1904 797 1978 hodie,
845 1915 1174 1985 correptum
1204 1918 1335 1967 est:
1379 1907 1537 1987 quod
1569 1908 1744 1967 etiam
1773 1907 2042 1985 exemplo
2067 1906 2330 1966 invenias
2361 1924 2432 1965 ex
2459 1924 2632 1965 versu
2663 1906 2788 1965 He·

601 2019 797 2079 cyrae:
842 2008 859 2035 ‘
891 1999 1095 2061 Visum
1148 2012 1277 2062 est:
1320 2001 1605 2063 certone?
1648 2012 1805 2062 certe
1852 2004 2019 2062 Deus
2073 2022 2241 2070 sumz
2287 2002 2336 2061 si
2379 2001 2494 2062 hoc
2541 2001 2627 2061 ita
2673 2012 2786 2073 est,

602 2116 801 2158 verum
830 2098 1122 2177 reperies.'
1204 2099 1313 2159 Est
1340 2100 1493 2159 enim
1522 2119 1864 2179 pronomen,
1910 2100 2047 2173 hoc,
2099 2100 2364 2159 secunda
2391 2099 2618 2178 syllaba
2645 2098 2786 2157 dac-

600 2193 729 2272 tyli,
769 2195 870 2273 qui
917 2193 974 2251 in
1028 2195 1237 2274 quinta
1286 2196 1427 2255 sede
1472 2208 1601 2257 est:
1646 2198 2020 2274 quamobrem
2071 2216 2296 2268 versus,
2337 2196 2413 2255 de
2463 2214 2580 2274 quo
2629 2214 2788 2254 nunc
2839 2271 2842 2274 Ι

599 2290 1001 2350 controversia
1045 2299 1156 2364 est,
1198 2292 1565 2370 septenarius
1614 2300 1710 2350 est
1753 2291 2057 2351 iambicus.
2159 2292 2227 2349 In
2277 2290 2541 2350 convivio
2589 2299 2784 2349 autem

601 2386 853 2463 poe‘tico,
890 2386 1054 2444 illum
1084 2406 1157 2445 ex
1188 2385 1457 2446 Eunuchi
1486 2385 1782 2466 Prologo:
1825 2394 1844 2425 ‘
1871 2386 2080 2447 Habeo
2109 2386 2224 2445 alia
2251 2384 2437 2445 multa
2463 2404 2598 2463 quae
2625 2404 2786 2445 nunc

568 2496 573 2501 ⁴
600 2480 1092 2542 condonabuntur
1112 2481 1147 2541 :'
1190 2483 1271 2542 ait
1298 2482 1647 2542 mendosum
1675 2502 1807 2543 esse
1831 2502 1846 2542 τ
1890 2502 2079 2563 neque
2107 2482 2259 2541 enim
2291 2494 2596 2541 scazontes
2624 2481 2684 2539 in
2713 2500 2788 2542 ea

603 2596 819 2655 genera
848 2578 1167 2637 carminum
1201 2578 1464 2639 admitti:
1506 2578 1706 2658 itaque
1749 2588 1816 2638 ut
1859 2590 2105 2640 metrum
2151 2579 2485 2657 corrigeret,
2525 2576 2784 2656 linguam

605 2671 871 2730 Latinam
918 2671 1279 2751 depravavit,
1328 2692 1463 2732 cum
1512 2674 1841 2753 supposuit,
1893 2673 2342 2734 condonabitur.
2447 2673 2604 2731 Nam
2655 2674 2785 2752 quis

603 2766 787 2839 dicat,
828 2768 959 2827 ‘Tu
1010 2769 1435 2831 condonaberis
1483 2774 1519 2829 a
1560 2790 1654 2830 me
1697 2771 2146 2830 commentarios
2166 2769 2212 2827 ’ξ’
2291 2770 2385 2827 An
2430 2788 2570 2829 vero
2611 2768 2786 2829 etiam

605 2866 946 2940 ἁπροσῶπωε
975 2885 1155 2926 ausus
1184 2877 1297 2937 est,
1336 2877 1396 2926 et
1436 2879 1661 2927 rectum
1689 2885 1983 2946 apponere
2011 2875 2206 2925 tamen
2236 2862 2486 2925 casum?
2566 2866 2649 2924 At
2673 2882 2787 2943 ego

604 2970 749 3036 puto
794 2960 1062 3034 Veteres,
1104 2961 1397 3022 excitandi
1447 2972 1809 3043 spectatores
1858 2962 2068 3041 gratia,
2109 2980 2311 3021 naevos
2356 2961 2540 3021 hosce
2589 2979 2794 3039 asper·

604 3056 784 3115 sisse:
814 3078 1006 3137 neque
1032 3058 1091 3117 in
1120 3078 1193 3118 ea
1219 3079 1279 3117 re
1306 3058 1491 3119 salsus
1521 3078 1674 3119 sum.
1735 3058 1886 3117 Nam
1918 3060 2019 3137 qui
2044 3057 2242 3118 decuit
2263 3058 2479 3125 minus,
2501 3056 2787 3135 spondaeo

604 3151 881 3211 claudere
909 3154 1238 3225 iambicum,
1268 3174 1443 3231 quam
1472 3152 1828 3232 dactylicum
1861 3150 2103 3211 sistere?
2143 3152 2222 3210 At
2243 3160 2529 3230 quantum
2557 3151 2787 3212 decoris

608 3248 773 3307 addit
818 3248 1077 3321 affectui,
1118 3270 1251 3309 cum
1296 3250 1548 3309 diximus
1576 3252 1636 3309 in
1666 3250 1886 3309 inferiis
1915 3249 2112 3309 filiolae
2142 3261 2382 3320 nostrae,
2424 3249 2640 3308 sororis
2667 3261 2787 3310 tuoe

606 3344 961 3413 lectissimas,
992 3346 1191 3425 Sylvi:
1239 3354 1255 3383 ⁸
1290 3346 1423 3405 Heu
1456 3345 1570 3404 heu
1599 3364 1854 3424 quonam
1887 3345 2159 3415 animam,
2201 3363 2318 3422 quo
2346 3344 2600 3404 carmine
2627 3364 2789 3406 com-

608 3440 843 3519 pellabo
864 3440 907 3500 2’
970 3440 1087 3501 Sed
1118 3441 1193 3500 de
1224 3441 1315 3500 his
1346 3441 1601 3500 numeris
1634 3443 1692 3499 in
1726 3440 1894 3500 tertio
1923 3440 2068 3500 libro
2097 3438 2365 3500 Poi-itices
2394 3440 2497 3500 tibi
2526 3441 2668 3502 satis
2697 3453 2792 3503 est

608 3535 995 3614 disputatum.
1080 3538 1173 3596 Ita
1216 3536 1581 3615 gravitatem,
1625 3547 1686 3595 et
1727 3535 2046 3608 lenitatem,
2089 3548 2150 3595 et
2191 3536 2580 3596 constantiam
2611 3539 2790 3599 animi

610 3632 931 3692 ostendens
976 3632 1307 3703 TerentiuS,
1349 3632 1571 3692 remisit
1618 3632 1694 3692 de
1743 3633 1920 3691 iambi
1964 3634 2314 3693 acerbitate:
2359 3652 2505 3693 neve
2533 3634 2661 3696 sine
2689 3656 2790 3696 ex·

609 3728 805 3807 emplo
853 3728 1065 3787 fecisse
1108 3748 1242 3787 eum
1292 3727 1583 3797 arbitrere,
1633 3727 1880 3787 habebis
1931 3748 2002 3787 ex
2046 3728 2304 3809 Prologo
2352 3730 2787 3812 Amphitryonis

612 3843 828 3885 unum:
872 3829 889 3857 ‘
918 3821 1097 3891 Quod
1144 3842 1257 3902 ego
1305 3820 1421 3881 huc
1465 3822 1726 3901 processi
1775 3824 1860 3882 sie
1907 3842 2040 3882 cum
2089 3824 2281 3884 servili
2325 3825 2604 3885 schema!
2680 3826 2791 3885 Est

610 3920 786 3991 enim,
818 3932 1043 3999 ο-χῆμαε
1074 3936 1409 3997 quanquam
1441 3936 1556 3975 non
1590 3938 1717 3976 sum
1749 3918 1982 3978 nescius
2003 3919 2155 3978 viros
2184 3918 2394 3979 doctos
2423 3919 2656 3979 sublata
2685 3920 2791 3981 ali-

612 4016 769 4077 unde
798 4015 1047 4096 syllaba,
1075 4014 1371 4082 εοΙιεοηαίε,
1398 4014 1594 4091 legere
1625 4012 1828 4071 solitos
1852 4034 1869 4072 ι
1905 4034 2086 4092 quare
2114 4014 2274 4073 aliud
2301 4014 2521 4073 habeas
2551 4034 2623 4073 ex
2655 4017 2789 4075 Asi-

614 4113 816 4171 naria:
858 4120 875 4147 ‘
896 4112 1024 4190 Age
1050 4128 1209 4169 nunc
1238 4108 1428 4169 reside
1447 4108 1569 4187 jam
1600 4122 1744 4167 cave
1771 4110 1948 4169 modo
1977 4130 2050 4169 ne
2081 4109 2318 4189 gruis?
2395 4109 2604 4189 Neque
2632 4111 2786 4171 enim

612 4218 933 4289 sequentur
972 4206 1326 4288 analogiam,
1367 4203 1467 4285 qui
1509 4207 1786 4287 gras-eric
1829 4204 2114 4287 legerint:
2159 4204 2338 4267 nihilo
2381 4225 2522 4268 sane
2561 4206 2788 4283 melius,
