3234 4934
601 332 732 400 170
1209 348 1645 399 sumamus
1692 350 2005 399 cauam
2020 351 2191 403 arus

603 500 664 565 et
689 489 943 569 pugiles,
988 500 1056 550 ut
1101 490 1300 551 Livius
1329 502 1635 565 memorat,
1682 493 1782 554 lib.
1816 514 1861 553 1.
1892 495 1995 573 qui
2024 505 2085 557 et
2110 493 2405 557 Ludorum
2436 496 2793 575 plebeiorum

601 586 958 649 mentionem
985 588 1128 649 fecit
1152 587 1251 649 lib.
1286 609 1548 651 xxvux.
1607 589 1774 653 Idem
1804 591 2023 665 Livius,
2044 612 2164 671 quo
2193 575 2454 673 tempore
2480 606 2543 652 et
2568 612 2689 673 qua
2718 592 2795 655 de

604 703 790 753 causa
830 684 1080 745 instituti
1123 696 1186 753 et
1222 686 1371 746 Ludi
1401 687 1618 747 scenici
1650 686 1794 750 dicti
1822 688 1962 762 sint,
2003 689 2244 769 copiose
2272 688 2479 749 eadem
2508 710 2645 767 quse
2675 690 2797 749 Va-

601 782 781 843 lerius
821 782 1023 842 retulit
1047 781 1152 842 lib.
1185 802 1312 841 vn.
1370 782 1546 852 Quod
1576 794 1809 864 tempus
1838 794 1931 847 est
1961 783 2136 847 Urbis
2164 784 2394 845 circiter
2422 786 2562 845 309.
2632 784 2796 845 Idem

507 868 523 885 ’
601 888 800 939 tamen
828 877 934 937 lib.
967 897 1218 939 xxxvr.
1248 878 1501 957 scripsit,
1551 882 1629 941 ob
1680 878 2109 941 dedicationem
2138 880 2283 943 sedis
2314 878 2525 941 Matris
2552 882 2798 960 Magum

602 974 822 1054 primos
849 974 1025 1037 ludos
1074 976 1340 1037 scenicos
1387 974 1602 1050 factos,
1653 976 1953 1041 Valerium
1983 978 2283 1039 Antiatem
2312 996 2447 1039 esse
2475 990 2797 1050 auctorem,

605 1070 936 1151 Megalesia
976 1071 1328 1152 appellatos,
1367 1071 1529 1150 quod
1575 1082 1809 1153 tempus
1849 1073 2032 1135 distat
2056 1093 2095 1133 a
2119 1074 2309 1152 priore
2338 1074 2509 1135 annis
2536 1072 2798 1153 pluribus

609 1170 743 1229 165.
826 1168 1037 1229 Cicero
1067 1168 1291 1231 Livium
1322 1168 1608 1229 Fabulam
1638 1168 1933 1241 docuisse,
1979 1182 2047 1229 ut
2083 1169 2410 1243 retulimus,
2458 1170 2693 1248 scripsit
2734 1171 2797 1229 in

605 1264 811 1335 Brut0,
839 1275 901 1327 et
926 1266 1114 1345 prima
1138 1265 1320 1325 Tusc.
1347 1263 1606 1325 Claudio
1630 1275 1693 1327 et
1717 1265 2013 1327 Tuditano
2040 1266 2217 1328 Coss.
2257 1287 2416 1329 anno
2447 1267 2519 1327 U.
2550 1268 2625 1327 C.
2656 1269 2797 1327 410.

607 1362 742 1422 Ηοο
772 1360 999 1423 Gellius
1024 1362 1228 1423 retulit
1253 1363 1310 1421 in
1337 1380 1556 1421 annum
1588 1364 1727 1423 510.
1776 1363 2032 1441 ideoque
2060 1362 2222 1425 fuere
2249 1364 2349 1442 qui
2376 1361 2536 1443 apud
2563 1362 2799 1423 Cicero·

605 1478 738 1519 nem
767 1476 1042 1517 numeros
1069 1456 1387 1517 mutandos
1415 1467 1747 1519 censerent.
1819 1458 1999 1527 Quod
2030 1459 2202 1518 nobis
2228 1461 2353 1522 fieri
2378 1468 2652 1541 oportere
2678 1477 2799 1518 non

604 1552 858 1625 videtur,
885 1572 1018 1613 cum
1045 1553 1174 1633 ipse
1201 1552 1411 1613 Cicero
1435 1552 1679 1626 indicet,
1710 1552 1860 1613 alios
1886 1554 2019 1613 boec
2046 1553 2217 1614 aliter
2236 1558 2602 1633 exposuisse,
2624 1564 2686 1614 et
2705 1572 2799 1615 res

607 1650 728 1709 sint
751 1648 1240 1729 inexplicabiliter
1267 1650 1553 1710 confusoe.
1638 1650 1783 1722 Sed,
1820 1661 2132 1731 postquam
2160 1668 2513 1730 componere
2543 1652 2590 1709 F
2594 1649 2801 1711 abulae

607 1755 1056 1824 argumentosas
1085 1748 1279 1827 poetae
1311 1745 1500 1805 Latini
1527 1756 1854 1826 coeperunt,
1880 1756 2192 1825 sequentes
2222 1757 2285 1806 et
2309 1756 2607 1807 vertentes
2630 1746 2801 1805 Gree-

607 1862 810 1903 corum
837 1842 1076 1923 scripta,
1125 1845 1186 1905 in
1232 1843 1350 1904 hoc
1397 1862 1612 1923 genere
1661 1863 1880 1924 magna
1922 1843 2163 1904 licentia
2187 1844 2280 1904 usi
2306 1844 2563 1905 suerunt.
2648 1845 2801 1907 Cum

609 1951 804 2002 autem
831 1950 1036 2001 essent
1071 1939 1410 2001 Latinorum
1457 1942 1694 2021 propria
1736 1940 2013 2020 quasdam
2058 1943 2355 2021 poemata,
2402 1952 2472 2001 ut
2498 1942 2805 2003 Atellano-

605 2054 756 2107 που),
797 2035 1067 2096 videntur
1111 2036 1440 2099 libertatem
1482 2036 1644 2097 illam
1694 2036 1756 2097 in
1797 2030 2029 2099 Graecis
2068 2048 2133 2098 et
2174 2038 2396 2099 Latinis
2439 2038 2803 2118 argumentis

605 2133 802 2211 poetae
831 2131 1042 2205 Latini,
1081 2152 1198 2192 non
1232 2143 1353 2193 tam
1385 2133 1532 2211 fuga
1557 2133 1779 2192 laboris
1825 2143 1887 2193 et
1928 2133 2250 2213 cupiditate
2292 2132 2511 2193 edendi
2560 2154 2691 2208 sua,
2739 2142 2805 2193 ut

609 2228 892 2287 Horatius
920 2238 1111 2306 putat,
1152 2248 1333 2307 quam
1375 2229 1733 2289 necessitate
1780 2229 2039 2309 quadam
2090 2228 2466 2301 custodiisse,
2510 2249 2585 2289 ne
2633 2249 2803 2290 aures

607 2323 824 2383 civium
867 2323 1286 2403 peregrinitate
1331 2322 1789 2383 offenderentur.
1874 2324 1967 2383 Ita
2009 2324 2234 2384 factum
2279 2334 2449 2403 puto,
2494 2334 2563 2384 ut
2609 2344 2803 2403 neque

607 2418 1072 2479 intratrirnetros
1095 2419 1486 2490 constiterint,
1507 2437 1699 2498 neque
1718 2418 2063 2479 Groecorum
2082 2419 2527 2498 exquisitionem
2548 2429 2612 2479 et
2632 2420 2805 2498 quasi

609 2532 895 2587 normam,
925 2513 1002 2574 ad
1031 2533 1208 2593 quam
1237 2534 1514 2575 numeros
1544 2514 1628 2574 illi
1657 2526 1999 2594 exegerant,
2028 2516 2091 2575 hi
2120 2515 2424 2577 servarint.
2493 2514 2616 2575 Sed
2644 2534 2804 2575 nunc

608 2609 889 2689 deinceps
939 2610 1019 2671 de
1059 2610 1286 2672 ratione
1329 2611 1559 2686 horum,
1607 2623 1671 2673 et
1716 2612 2043 2673 carminum
2085 2612 2441 2673 comicorum
2488 2620 2804 2683 structura,

608 2725 746 2786 quas
779 2715 988 2767 nostra
1027 2705 1340 2787 diligentia
1363 2708 1720 2781 observavit,
1760 2728 2016 2788 qumque
2042 2709 2347 2789 postulare
2376 2706 2605 2769 videtur
2631 2708 2805 2768 lectio

610 2803 658 2865 F
661 2804 968 2865 abularum
1001 2804 1362 2879 Latinarum,
1397 2804 1650 2867 breviter
1676 2805 1915 2885 quidem
1944 2805 2337 2867 disseremus:
2378 2805 2465 2865 ita
2490 2814 2710 2876 tamen,
2738 2812 2807 2864 ut

607 2899 864 2961 fortasse
904 2899 1170 2963 nondum
1211 2902 1286 2963 ab
1321 2901 1455 2963 aliis
1491 2901 1899 2965 demonstrata
1942 2901 2291 2963 indicemus.
2377 2900 2574 2959 Metra
2597 2900 2807 2977 presci-

607 3014 730 3079 pua
753 3005 896 3057 sunt
921 3016 1162 3066 novem;
1192 2996 1524 3072 iambicum,
1545 2998 1933 3072 trochaicum,
1955 2997 2333 3079 dactylicum,
2356 2996 2806 3075 anapaesticum,

607 3091 1086 3165 choriambicum,
1113 3092 1588 3173 antispasticurn,
1615 3095 1876 3155 ionicum
1896 3112 1935 3151 a
1952 3092 2192 3171 majore,
2223 3092 2477 3151 ionicum
2501 3110 2539 3151 a
2558 3090 2805 3163 minore,

608 3187 962 3267 paeonicum.
1046 3189 1099 3247 E
1125 3207 1375 3269 quorum
1403 3207 1649 3250 numero
1686 3208 1846 3249 nunc
1890 3188 2212 3249 eximemus
2254 3187 2569 3247 iambicum
2596 3197 2657 3246 et
2684 3197 2805 3245 tro-

607 3283 899 3357 chaicum,
949 3283 1144 3363 deque
1190 3283 1263 3346 iis
1287 3304 1424 3364 quoe
1451 3283 1807 3347 videbuntur
1834 3282 2117 3344 dicemus.
2203 3281 2527 3342 Iambicum
2554 3291 2806 3341 metrum

610 3398 648 3443 a
673 3380 932 3460 principe
959 3380 1114 3459 pede
1141 3398 1356 3441 nomen
1383 3379 1597 3441 habet:
1640 3380 1743 3459 qui
1790 3398 1831 3441 a
1876 3378 2162 3441 conviciis
2206 3374 2537 3457 appellatus
2567 3376 2697 3449 fuit,
2740 3388 2807 3437 ut

608 3475 809 3554 placet
831 3476 1164 3537 Aristoteli:
1193 3494 1448 3555 cumque
1477 3475 1555 3537 sit
1581 3476 1833 3537 maxime
1852 3474 2211 3537 conveniens
2231 3472 2599 3541 sermonibus
2622 3477 2806 3551 (nam,

609 3570 849 3632 fortuito
879 3573 1058 3633 etiam
1081 3564 1418 3652 loquentes,
1445 3570 1675 3633 iambos
1697 3572 1935 3632 crebros
1963 3569 2357 3650 proferimus),

851 3712 1031 3775 Hunc
1058 3714 1220 3776 socci
1247 3732 1457 3794 cepere
1483 3712 1720 3794 pedem,
1750 3711 2123 3793 grandesque
2151 3711 2445 3787 cothurni,

850 3810 1110 3871 Alternis
1138 3819 1338 3891 aptum
1369 3811 1761 3882 sermonibus,
1790 3817 1851 3869 et
1876 3809 2193 3889 populares

853 3908 1204 3970 Vincentem
1233 3908 1534 3987 strepitus,
1564 3914 1627 3968 et
1651 3919 1855 3986 aptum
1881 3907 2056 3966 rebus
2086 3904 2353 3985 agendis,

612 4073 682 4125 ut
707 4063 791 4125 sit
817 4062 1122 4133 Horatius.
1205 4062 1342 4124 Hoc
1363 4081 1627 4135 carmen,
1660 4080 1797 4123 cum
1822 4081 2036 4141 purum
2062 4072 2157 4123 est
2183 4068 2245 4122 et
2270 4060 2583 4138 integrum,
2612 4057 2803 4117 omni·

612 4162 726 4223 bus
753 4160 812 4223 in
841 4159 994 4224 locis
1017 4160 1245 4223 iambos
1274 4159 1490 4221 habet:
1533 4167 1603 4221 nt
1628 4157 1789 4241 apud
1817 4158 2158 4221 Catullum:
