3234 4934
968 358 1065 405 os
1110 355 1413 405 comicis
1462 353 2089 404 nimnnslomsus.
2411 320 2414 323 ⁴
2500 335 2630 401 139

443 501 626 581 pleni.
683 495 958 558 Tranioni
991 510 1189 559 autem
1217 516 1385 557 servo
1416 495 1666 575 trepide,
1696 496 1753 555 in
1785 516 1846 555 re
1875 495 2208 575 desperata,
2238 512 2444 554 versus
2469 512 2630 554 com-

446 596 644 675 positi,
690 606 867 673 atque
910 592 1020 652 sibi
1069 592 1211 672 ipsis
1241 600 1604 652 constantes,
1689 591 1828 649 Seni
1869 588 2240 671 Teuropidae,
2280 588 2400 648 viro
2447 591 2632 668 gravi,

444 711 646 772 parce,
672 691 834 762 laeto,
852 698 1028 749 aucta
1048 708 1130 761 re,
1159 698 1355 749 amoto
1381 686 1801 746 maritimorum
1831 695 1990 746 metu
2018 686 2432 764 periculorum,
2459 705 2633 745 sena·

449 787 517 846 rii
567 772 833 847 iambici.=
914 781 1072 853 Quid
1118 783 1354 863 gravius
1384 781 1854 863 Amphitryone?
1910 782 2051 862 quid
2099 782 2288 861 magis
2331 783 2635 843 statarium

449 900 627 962 quam
654 880 787 940 finis
818 880 1063 941 Fabuloe
1111 877 1461 938 conversae?
1502 877 1877 937 concluditur
1901 888 2094 938 tamen
2127 878 2352 938 Fabula
2380 878 2636 938 trochai-

448 979 555 1039 cis.
640 978 709 1036 In
740 975 945 1037 Sticho
974 987 1169 1035 autem
1212 983 1333 1033 tam
1377 972 1585 1033 iambis
1616 984 1847 1051 potant,
1890 992 2067 1052 quam
2095 973 2394 1035 trochaeis.
2480 973 2635 1034 Gur.-

449 1074 632 1153 gulio,
660 1092 906 1133 currens
946 1072 1003 1131 in
1050 1090 1111 1129 re
1141 1088 1317 1141 nova,
1342 1086 1501 1129 novo
1528 1068 1740 1129 nuntio
1786 1068 2010 1129 vehitur
2052 1069 2296 1129 trochaei
2328 1070 2490 1130 rotiS.
2558 1072 2636 1131 At

448 1169 742 1230 Acanthio
770 1170 830 1228 in
862 1168 1195 1230 Mercatore
1227 1166 1391 1225 haud
1419 1166 1671 1226 absimili
1699 1166 1756 1224 in
1787 1184 1850 1225 re
1877 1164 2178 1244 quadratis
2206 1166 2389 1226 utitur
2429 1166 2638 1227 iambi-

450 1266 607 1327 cis:.
636 1276 697 1325 at
744 1264 953 1325 iisdem
997 1264 1059 1322 in
1105 1262 1463 1322 Terentiana
1515 1259 1870 1321 Phormione
1916 1260 2074 1321 Geta
2114 1262 2240 1340 pari
2284 1263 2345 1321 in
2373 1262 2639 1343 negotiO.

453 1360 758 1441 Ergasilus
790 1378 926 1421 vero
970 1357 1265 1439 parasitus
1314 1356 1373 1416 in
1416 1355 1705 1435 Captivis,
1732 1367 1852 1416 tam
1881 1356 2217 1427 trochaicis,
2259 1375 2440 1438 quam
2466 1359 2636 1419 aliis:
2677 1365 2680 1371 '

450 1476 586 1518 cum
616 1468 813 1517 tamen
859 1456 1105 1516 similem
1144 1465 1346 1534 ageret
1392 1472 1717 1515 cursuram.
1800 1452 2308 1521 Quemadmodum
2350 1466 2430 1515 et.
2455 1454 2641 1516 Dina·

452 1552 611 1613 cium
640 1573 803 1632 puer,
830 1552 891 1611 in
920 1550 1145 1623 Sticho,
1173 1548 1363 1609 nuntii
1392 1559 1597 1609 auctor
1625 1549 1784 1622 novi,
1815 1548 2078 1629 utrisque
2103 1549 2320 1608 mistim
2353 1570 2496 1611 usus
2524 1561 2640 1613 est.

455 1647 746 1709 Praeterea
773 1648 1085 1709 trochaicis
1134 1647 1377 1725 Harpax
1426 1646 1656 1708 Cacula
1705 1644 1973 1705 militaris
2014 1646 2075 1704 in
2126 1645 2450 1719 Pseudulo,
2495 1646 2650 1707 dum

452 1744 724 1805 lenonem
746 1745 977 1825 quaerit.
1056 1742 1395 1803 Trochaicis
1439 1742 1702 1801 Erotium
1743 1740 2015 1801 meretrix
2044 1741 2103 1801 in
2135 1740 2546 1815 Menaechmis,
2574 1754 2642 1803 ut

454 1841 764 1901 obsonium
809 1838 1271 1919 comparandum
1300 1847 1488 1899 curet.
1570 1840 1654 1897 At
1691 1856 1726 1897 e
1779 1838 2074 1897 contrario
2121 1838 2432 1899 trochaicis
2479 1839 2646 1919 Lysi-

454 1937 603 1999 teles
631 1935 1003 2007 adolescens,
1044 1945 1106 1995 et
1151 1934 1367 2014 gravis,
1422 1942 1483 1993 et
1525 1933 1681 2011 frugi
1723 1934 1785 1991 in
1832 1933 2210 1994 Trinummo:
2271 1945 2331 1994 et
2361 1935 2645 1997 Chremes

458 2055 662 2108 senex,
686 2035 773 2097 vir
804 2036 1017 2107 bonus,
1061 2052 1134 2093 ac
1182 2032 1443 2113 prudens
1492 2033 1555 2091 in
1584 2030 1832 2105 Andria,
1884 2033 2038 2093 seria
2079 2033 2138 2092 in
2187 2022 2385 2111 primis
2435 2032 2513 2094 de
2561 2054 2646 2107 re,

456 2141 704 2214 paterno
744 2130 963 2203 animo,
990 2128 1288 2191 constanti
1328 2126 1779 2208 conquestione.
1865 2127 2041 2197 Quod
2085 2127 2136 2189 si
2164 2128 2242 2187 ad
2293 2128 2526 2189 Davum
2553 2149 2644 2191 re·

456 2227 731 2307 spiciant,
760 2227 863 2305 qui
890 2228 1161 2307 sequenti
1189 2245 1371 2287 scena
1387 2226 1515 2305 jam
1541 2224 1728 2286 otium
1748 2236 1924 2305 atque
1945 2224 2431 2304 tranquillitatem
2459 2226 2646 2306 impe-

456 2322 644 2384 rando
673 2324 807 2395 sibi,
835 2322 1192 2383 bellissimos
1219 2320 1417 2382 fundit
1446 2321 1799 2393 trochaicOS,
1819 2321 1946 2401 jam
1971 2320 2084 2399 ipsi
2097 2320 2216 2379 ‘illa
2242 2320 2316 2380 de
2343 2320 2646 2385 celeritate

457 2419 683 2497 aliquid
710 2419 1041 2480 consultius
1068 2418 1387 2479 remittant.
1471 2418 1692 2478 Poetae
1733 2417 2000 2498 profecto
2027 2418 2175 2477 istos
2215 2418 2475 2477 comicos
2504 2437 2646 2479 nos-

461 2525 663 2587 trates,
690 2525 759 2574 ut
806 2514 867 2574 in
912 2523 1167 2574 mentem
1202 2525 1507 2589 venerant,
1535 2534 1630 2575 res
1661 2515 1996 2594 arripuisse,
2023 2514 2224 2592 eisque
2245 2532 2516 2575 numeros
2545 2534 2646 2576 ac·

464 2608 873 2671 commodasse
899 2629 1047 2669 reor.
1130 2609 1240 2669 Isti
1287 2628 1423 2671 vero
1462 2610 1881 2690 legumlatores
1909 2610 2067 2683 novi,
2093 2608 2353 2690 plerique
2377 2609 2494 2671 hoc
2523 2611 2656 2671 suis·

463 2705 737 2767 obtinent
762 2706 1013 2784 ingeniis
1063 2704 1401 2784 peculiare:
1467 2705 1646 2766 semel
1690 2706 1906 2765 alicubi
1939 2704 2159 2784 siquid
2188 2705 2650 2783 deprehendere,

458 2800 620 2861 illico
668 2820 773 2881 pro
811 2800 942 2880 lege
991 2801 1231 2861 habent.
1317 2802 1499 2881 Atqui
1541 2801 1722 2881 longo
1769 2802 2071 2880 multoque
2116 2820 2265 2880 opus
2295 2813 2388 2859 est
2427 2801 2649 2874 studi0‚
2686 2812 2690 2815 ’

464 2911 559 2957 est
586 2916 735 2975 opus
764 2896 1011 2955 consilio
1040 2895 1336 2974 prudenti,
1364 2897 1485 2955 acri
1504 2896 1733 2975 judicio
1761 2915 1913 2975 opus
1951 2907 2075 2957 est:
2118 2915 2455 2975 quanquam
2484 2899 2651 2976 equi-

467 2992 603 3052 dem
630 3010 747 3051 non
779 2991 1063 3068 negarim,
1094 2990 1447 3050 Fabularum
1478 2992 1683 3064 initiis,
1709 2992 1811 3051 ubi
1846 2995 2070 3053 animos
2100 3011 2391 3071 auresque
2417 3004 2652 3070 specta-

466 3098 661 3149 torum
710 3086 983 3147 trimetris
1039 3086 1302 3146 versibus
1371 3086 1744 3157 imbuissent,
1812 3086 1924 3167 ipsi
1985 3086 2097 3147 sibi
2141 3106 2249 3146 suo
2298 3087 2470 3166 quasi
2515 3086 2651 3164 jure

468 3199 730 3264 agerent,
780 3182 1059 3261 deinceps
1109 3182 1482 3261 interspersis
1534 3182 1747 3241 alicubi
1792 3182 2062 3261 ejusdem
2109 3182 2342 3261 generis
2385 3182 2654 3255 senariis,

462 3280 639 3359 idque
669 3298 863 3360 neque
892 3298 1139 3359 semper,
1168 3296 1362 3357 neque
1404 3290 1668 3350 coactos,
1708 3296 1898 3356 neque
1929 3276 2204 3338 consulto
2229 3277 2532 3338 factitasse
2551 3298 2654 3337 ex-

466 3376 815 3435 istimamus.
878 3374 1015 3433 Fuit
1041 3386 1234 3433 tamen
1266 3373 1378 3432 hoc
1408 3372 1523 3432 illis
1553 3372 1611 3430 in
1641 3391 1801 3433 more
1828 3372 2108 3451 positum,
2129 3384 2195 3432 ut
2223 3374 2654 3434 narrationibus

470 3469 761 3531 trimetros
804 3471 1033 3550 ,majore
1086 3490 1160 3531 ex
1208 3480 1374 3549 parte
1418 3469 1810 3547 adaptarent:
1873 3490 2065 3549 neque
2132 3470 2322 3532 solum
2371 3471 2431 3529 in
2481 3490 2656 3550 argu-

469 3569 707 3641 mentis,
735 3579 839 3627 aut
867 3569 1133 3647 prologo,
1161 3578 1266 3627 aut
1289 3568 1531 3648 protasi,
1562 3556 1684 3626 sed'
1699 3568 1872 3627 etiam
1903 3568 2059 3647 apud
2081 3588 2362 3649 personas
2377 3589 2501 3642 eas,
2519 3591 2658 3649 quas

472 3663 646 3722 etiam
676 3663 838 3722 aliud
865 3676 1126 3743 agerent.
1226 3664 1734 3735 Quemadmodum
1789 3685 1926 3724 cum
1963 3664 2168 3725 Davus
2217 3666 2278 3723 in
2307 3666 2552 3737 Andria,
2581 3666 2658 3726 de

479 3756 607 3819 aliis
636 3759 812 3818 rebus
840 3758 1110 3837 loquens,
1138 3760 1257 3820 alia
1281 3762 1463 3821 utitur
1500 3780 1779 3821 versuum
1820 3761 2226 3823 dimensione:
2271 3762 2368 3820 ubi
2397 3761 2475 3820 ad
2521 3780 2658 3821 nar-

476 3855 762 3915 rationem
810 3854 1127 3915 deventum
1174 3868 1286 3927 est,
1334 3856 1411 3915 de
1466 3858 1599 3915 navi
1657 3857 1845 3917 fracta
1900 3857 2056 3938 apud
2113 3858 2398 3929 Andrum,
2439 3856 2514 3917 ad
2560 3858 2658 3916 tri-

477 3961 693 4010 metros
722 3950 1061 4011 divertitur:
1104 3950 1235 4010 ‘Ad
1263 3952 1392 4013 haec
1433 3954 1607 4025 mala,
1649 3952 1762 4014 hoc
1796 3954 1935 4013 mihi
1968 3953 2201 4015 accedit
2242 3954 2458 4013 etiam:
2528 3952 2658 4011 hoec

480 4045 749 4108 Andria.'
833 4046 1053 4107 Eadem
1106 4046 1409 4127 diligentia
1445 4051 1503 4109 in
1549 4050 1835 4128 epistolis.
1918 4052 1987 4110 In
2034 4047 2336 4111 Pseudulo
2363 4050 2436 4107 ab
2465 4047 2659 4126 longis

481 4142 541 4201 in
570 4142 831 4205 senarios
874 4143 1221 4205 deflectitur.
1305 4146 1372 4204 In
1418 4144 1689 4206 Asinaria
1729 4165 1982 4225 quoque,
2023 4143 2183 4227 quod
2239 4154 2477 4225 pactum
2515 4163 2660 4205 con-
