3234 4934
575 378 708 445 20⁰
1421 396 1530 444 ιο.
1580 394 1912 446 nuncius

583 538 713 597 Nec
741 556 778 599 a
805 537 1030 597 ratione
1057 537 1310 599 fortasse
1339 534 1595 598 alienum
1624 536 1938 609 videbitur,
1982 538 2031 599 si
2080 537 2309 619 syllaba
2342 550 2553 615 natura
2580 537 2772 603 brevis

582 633 895 723 interdum,
947 634 1120 713 quasi
1171 634 1316 697 data
1359 652 1561 713 opera,
1608 633 1989 711 producatur,
2036 654 2156 714 quo
2206 636 2397 716 magis
2446 638 2775 717 emphatice

583 740 838 791 mentem
866 730 1163 809 loquentis
1191 730 1498 811 exprimat.
1581 728 1683 789 Sic
1709 728 1948 789 Phorm.
1982 750 2045 790 v,
2076 733 2135 791 6.
2168 734 2265 791 75.

825 858 984 928 Quin
1013 878 1168 920 novo
1195 858 1373 920 modo
1399 856 1454 919 ei
1481 858 1709 918 faceres
1738 856 2177 918 contumeliam.

585 986 721 1056 Quo
763 986 823 1045 in
872 986 1006 1047 loco
1045 986 1413 1046 Phormionis
1456 1006 1728 1065 personae
1756 984 2075 1046 admodum
2104 986 2417 1047 convenire
2446 987 2585 1047 mihi
2616 988 2779 1050 vide-

584 1094 699 1157 tur,
730 1086 777 1144 si
807 1084 994 1162 prima
1021 1082 1250 1164 syllaba
1274 1084 1359 1152 in,
1389 1102 1563 1157 novo,
1591 1085 1815 1144 comice
1843 1083 2133 1164 producta
2158 1083 2255 1143 sit.
2338 1085 2617 1164 Agnosco
2645 1086 2776 1164 qui-

584 1180 720 1241 dem
769 1182 1080 1253 FaErnum‚
1123 1190 1190 1239 ut
1233 1189 1295 1240 et
1324 1180 1628 1253 Waseum,
1672 1180 1843 1239 aliter
1868 1180 2029 1240 hunc
2056 1200 2288 1240 versum
2316 1182 2529 1253 metiri,
2571 1200 2781 1259 nempe

582 1276 987 1337 contrahendo
1034 1295 1259 1349 vocem,
1303 1294 1477 1348 novo,
1519 1277 1580 1334 in
1632 1296 1807 1336 unam
1856 1276 2167 1357 syllabam,
2212 1288 2273 1337 et
2318 1277 2563 1355 primam
2594 1278 2676 1348 in,
2705 1277 2781 1349 ei,

581 1371 1002 1454 producendo:
1050 1372 1158 1433 sed
1188 1372 1316 1432 haec
1347 1374 1495 1433 ratio
1522 1372 1858 1451 impeditior
1887 1372 2156 1433 videtur:
2197 1371 2359 1451 quod
2388 1373 2437 1431 si
2465 1373 2559 1432 cui
2589 1392 2781 1451 neque

581 1469 788 1530 borum
810 1489 1003 1549 neque
1033 1478 1234 1528 nostra
1265 1466 1436 1547 hujus
1467 1488 1671 1527 versus
1702 1467 2055 1547 expediendi
2088 1470 2234 1528 ratio
2264 1468 2518 1549 placeat,
2544 1488 2637 1527 noe
2667 1470 2777 1529 iste

587 1564 882 1623 turbatum
911 1583 947 1623 a
976 1562 1210 1624 Mureto
1239 1565 1544 1624 verborum
1575 1564 1863 1635 ordinem,
1890 1575 2097 1624 contra
2116 1566 2376 1625 omnium
2399 1566 2551 1625 Mss.
2582 1564 2780 1637 fldem,

589 1660 638 1718 si
664 1658 825 1733 velit,
875 1660 1282 1742 amplectatur.
1368 1660 1462 1721 Ita
1486 1661 1641 1719 enim
1674 1660 1944 1721 Muretus
1974 1660 2157 1739 legit:

748 1786 921 1866 vao
948 1787 1128 1847 modo
1157 1789 1209 1849 ei
1237 1789 1378 1868 quin
1401 1790 1625 1851 faceres
1655 1790 2040 1851 contumelias
2065 1809 2081 1849 t

591 1931 720 2004 sed,
761 1950 836 1991 an
879 1932 1012 1993 haec
1039 1934 1345 1994 verborum
1389 1936 1707 1996 collocatio
1728 1946 1983 1995 venusta
2026 1935 2123 2010 sit,
2164 1934 2359 1996 doctis
2394 1933 2785 2014 judicandum

591 2028 879 2108 relinquo.
2208 2048 2215 2055 ·

675 2124 827 2184 Cum
855 2134 1080 2184 tantam
1127 2124 1328 2203 itaque
1366 2124 1666 2185 licentiam
1712 2126 1821 2185 sibi
1874 2145 2296 2206 nonnunquam
2328 2126 2644 2185 sumserint
2670 2126 2791 2184 Co·

593 2220 750 2292 mici,
779 2228 847 2277 ut
891 2230 1137 2278 metrum
1171 2238 1341 2278 suum
1371 2219 1448 2277 ad
1499 2220 1843 2298 popularem
1891 2221 2175 2299 loquendi
2222 2239 2441 2280 morem
2470 2221 2659 2299 magis
2690 2240 2789 2280 ac-

594 2312 1080 2383 commodarent3
1127 2314 1332 2372 mirum
1361 2332 1479 2371 non
1509 2314 1620 2373 erit
1666 2315 1715 2372 si
1762 2313 2127 2392 frequentius
2172 2315 2290 2374 ista
2321 2315 2591 2375 libertate
2614 2324 2793 2374 utan-

593 2420 711 2482 tur,
739 2428 914 2489 quam
942 2411 1036 2469 vel
1065 2409 1175 2486 ipsi
1204 2407 1482 2467 carminis
1512 2406 1729 2467 heroici
1758 2408 2073 2487 scriptores
2119 2408 2231 2469 sibi
2263 2407 2561 2469 interdum
2586 2412 2795 2489 permi-

597 2516 823 2565 serunt.
905 2503 1065 2563 Hine
1112 2522 1170 2562 m
1215 2501 1390 2562 finale
1418 2504 1512 2563 vel
1540 2503 1763 2563 vocalis
1798 2514 1939 2565 ante
1983 2503 2231 2566 alteram
2272 2507 2537 2568 vocalem
2584 2508 2645 2565 in
2696 2526 2793 2565 se·

600 2602 802 2680 quenti
832 2599 1089 2659 dictione
1119 2617 1276 2677 saepe
1305 2616 1424 2657 non
1453 2597 1725 2659 eliditur:
1771 2610 1837 2659 ut
1862 2618 1877 2658 z

764 2728 895 2809 Ego
922 2748 1058 2788 cum
1083 2728 1186 2789 illo
1215 2746 1470 2807 quocum
1502 2738 1627 2787 tum
1664 2746 1785 2788 uno
1813 2748 1933 2787 rem
1960 2730 2248 2789 habebam
2274 2730 2529 2809 hospite.

761 2824 1120 2886 Jamdudum
1149 2836 1206 2884 te
1236 2833 1412 2895 amat,
1433 2822 1789 2905 jamdudum
1826 2822 1909 2883 illi
1940 2824 2113 2885 facile
2144 2825 2227 2885 fit.
2276 2893 2285 2900 ,
2446 2822 2449 2826 ’

765 2921 896 2982 Eho
924 2941 1061 2982 vero
1090 2916 1300 2983 laudas
1330 2922 1430 3001 qui
1460 2920 1634 2981 heros
1664 2920 1919 2982 fallunt?
1961 2922 2021 2979 in
2052 2920 2219 2981 loco:

605 3070 716 3112 nec
743 3051 1038 3132 euphonia
1065 3069 1176 3112 sua
1203 3062 1365 3113 caret
1390 3053 1520 3112 haec
1549 3052 1813 3113 elisionis
1842 3052 2107 3112 omissio.

687 3146 917 3207 initium
947 3166 1184 3225 quoque
1213 3148 1514 3225 sequentis
1548 3166 1752 3207 versus
1802 3165 1963 3225 soepe
2004 3147 2062 3205 in
2106 3145 2419 3205 scansione
2448 3145 2547 3204 fini
2576 3164 2801 3224 proece-

605 3240 802 3299 dentis
830 3242 1262 3301 annectendum
1291 3252 1383 3301 est
1407 3260 1422 3300 :
1468 3252 1572 3301 ut:

771 3366 1108 3440 Rationem,
1137 3377 1229 3427 est
1255 3367 1454 3429 hercle
1483 3368 1703 3446 inepta,
1724 3387 1799 3427 ne
1827 3366 2019 3427 dicam
2051 3368 2219 3436 dolo,

767 3463 966 3542 Atque
995 3462 1286 3522 absurda:
1331 3462 1526 3544 pisces
1552 3472 1780 3523 ceteros
1810 3481 2022 3542 purga,
2054 3463 2297 3522 Dromo.

612 3608 654 3665 S
683 3606 860 3667 finale
903 3618 1044 3669 aute
1097 3627 1423 3669 consonam
1469 3627 1631 3688 soepe
1658 3609 1867 3681 exteri,
1914 3626 2035 3669 non
2062 3627 2212 3687 opus
2250 3616 2344 3667 est
2370 3616 2437 3667 ut
2464 3626 2800 3682 memorem,

613 3723 748 3763 cum
776 3722 971 3775 nemo,
995 3704 1100 3782 qui
1129 3704 1511 3764 vetustiorum
1540 3706 1849 3785 poetarum
1878 3702 2155 3783 reliquias
2182 3714 2399 3775 versat,
2434 3703 2549 3765 hoc
2590 3706 2805 3785 ubique

609 3801 729 3862 fere
754 3799 879 3860 fieri
906 3819 1028 3861 non
1059 3798 1270 3860 videat.

692 3897 890 3976 Atque
917 3896 1050 3957 haec
1077 3894 1154 3955 de
1205 3896 1584 3956 comicorum
1634 3895 1873 3957 licentia
1913 3896 2083 3977 quasi
2131 3896 2319 3956 obiter
2344 3894 2617 3974 attigisse
2644 3897 2807 3955 suffi-

615 3993 759 4054 ciat.
840 3990 960 4061 Qui
986 3992 1158 4071 plura
1182 3994 1365 4072 cupit,
1407 3989 1592 4052 Gabr.
1624 3992 1837 4073 Facit-ni
1862 3992 2300 4053 emendationes
2330 3989 2527 4062 adeat,
2554 3991 2805 4051 hominis

611 4089 672 4148 in
715 4089 829 4148 hoc
872 4107 1087 4167 genere
1142 4086 1518 4149 versatissimi
1542 4086 1568 4146 2
1628 4086 1724 4147 vel
1772 4086 1914 4149 Chr.
1965 4087 2169 4148 Wasei
2224 4086 2505 4145 nostratis
2548 4085 2809 4147 libellum

619 4184 722 4267 qui
747 4184 1025 4244 Senarius
1052 4182 1407 4256 inscribitur,
1444 4181 1567 4242 sive
1601 4181 1679 4243 de
1704 4182 1937 4263 legibus
1964 4193 2027 4245 et
2049 4181 2291 4245 licentia
2316 4192 2575 4243 veterum
2604 4182 2782 4262 poeta
