3234 4934
887 402 1251 455 ωιιιιιιωε
1299 405 1591 457 nemen
1642 406 2177 459 mssne‘n'mo.
2533 394 2622 461 87

436 546 731 607 inclusum
756 565 948 627 neque
988 547 1283 626 signatum
1334 550 1508 609 esse!
1589 548 1724 609 Vox
1752 550 1910 611 enirn
1960 556 2360 613 κλεπίστατοε
2395 562 2625 617 tanturn

442 646 631 715 abest,
671 653 739 703 ut
766 644 1015 703 sermoni
1044 644 1364 706 convenire
1404 644 1617 724 possit,
1657 649 1798 705 ὥστε
1840 644 1970 707 οὐδὲ
2008 651 2179 708 αὺτοῦ
2219 652 2321 719 τὴν
2367 647 2627 713 διάλυσιν

439 738 730 813 (dicerent
758 740 1001 803 subtiles
1030 739 1237 801 harum
1266 761 1455 803 rerum
1476 740 1740 820 judices)
1765 747 2052 816 πολιτικὴν
2079 742 2250 818 εἶναι,
2278 744 2394 805 hoc
2423 758 2534 821 est,
2561 759 2629 809 ut

439 856 517 898 ne
544 836 779 915 quidem
805 856 951 898 voce
978 837 1115 911 alia,
1145 858 1281 917 quae
1311 858 1441 898 eam
1466 840 1774 917 exprimat,
1797 840 2210 901 consuetudini
2237 852 2342 903 aut
2367 844 2500 904 usui
2527 864 2629 905 nc-

384 974 387 981 ·
438 933 799 994 commodari
826 934 1036 1012 possit.
1118 937 1329 1015 Itaque
1356 936 1674 1017 corrumpit
1700 955 1924 1007 vocem,
1967 936 2142 1016 plane
2171 947 2238 997 ut
2263 938 2490 1013 faciem,
2525 944 2628 1020 qui

440 1030 527 1089 sic
550 1050 783 1091 movere
811 1031 993 1092 risum
1017 1032 1278 1111 cogitat:
1310 1032 1509 1111 qualia
1535 1051 1716 1112 prope
1743 1032 1972 1093 infinita
1995 1034 2424 1113 Aristophanis.
2509 1038 2626 1099 Ex-

440 1127 638 1207 emplo
661 1130 783 1189 sint
808 1128 1177 1201 diminutiva,
1226 1150 1363 1209 quoe
1404 1140 1525 1189 tam
1550 1128 1866 1208 diligenter
1893 1131 2062 1190 tertio
2092 1130 2539 1193 Rhetoricorum
2565 1134 2626 1193 in

436 1222 595 1283 illius
624 1225 966 1304 Babyloniis
996 1226 1126 1285 Rex
1156 1226 1507 1287 criticorum
1538 1226 1887 1287 Aristoteles
1935 1228 2204 1287 notavit:
2245 1228 2625 1310 χρυσιδάριον,

434 1320 889 1401 λοιδορημᾶτιον,
931 1322 1301 1401 ἱματιδίιριον,
1348 1327 1438 1383 καὶ
1482 1325 1840 1401 νοσημάτων.
1925 1323 2102 1391 Quod
2148 1336 2210 1385 et
2252 1326 2316 1385 in
2359 1345 2628 1387 sermone

434 1416 565 1495 ejus
603 1418 826 1497 passim
858 1429 919 1479 et
946 1418 1007 1478 in
1039 1419 1309 1479 sensibus
1361 1420 1663 1494 observes,
1710 1438 1860 1498 quos
1908 1439 2030 1481 non
2072 1440 2203 1482 raro
2245 1421 2396 1482 risus
2443 1440 2629 1482 causa

436 1512 605 1573 effert
631 1515 1133 1594 corruptissimosz
1166 1536 1325 1596 saepe
1352 1528 1549 1577 tamen
1580 1536 1718 1577 cum
1749 1516 1946 1577 illudit
1972 1516 2119 1577 aliis.
2202 1517 2400 1587 Quare
2425 1536 2624 1589 voces,

434 1608 702 1688 phrases,
750 1630 983 1687 sensus,
1026 1612 1205 1673 etiam
1234 1623 1611 1689 structuram,
1656 1614 1868 1685 Novoe,
1894 1624 1963 1675 ut
1985 1614 2196 1675 imitari
2222 1615 2405 1675 cuivis
2433 1623 2624 1675 tutum

435 1714 547 1779 est,
596 1707 681 1767 ita
706 1707 1027 1788 Antiquam
1056 1709 1107 1769 si
1135 1710 1268 1789 quis
1296 1710 1508 1771 imitari
1535 1708 1697 1784 velit,
1745 1710 2000 1770 maximo
2029 1709 2264 1772 delectu
2292 1730 2364 1771 ac
2394 1709 2625 1789 judicio

434 1813 529 1862 est
574 1821 767 1883 opus:
810 1803 973 1883 quod
1022 1805 1073 1865 si
1118 1806 1455 1884 quisquam,
1504 1816 1665 1865 recte
1707 1805 2054 1867 Aristoteles
2101 1806 2346 1867 notavit.
2427 1807 2628 1885 Atque

435 1897 567 1958 hoec
593 1917 795 1971 causa,
822 1920 949 1975 cur,
989 1910 1061 1960 ut
1084 1901 1271 1961 multo
1299 1902 1607 1981 perfectior
1634 1901 1972 1981 utiliorque,
2023 1904 2106 1962 ita
2132 1903 2328 1964 minus
2356 1902 2624 1976 ridicula,

438 1994 517 2053 sit
544 1994 735 2067 Nova,
766 1996 827 2053 in
858 2015 979 2075 qua
1002 2015 1231 2071 omnes,
1274 2007 1345 2057 ut
1373 1998 1498 2077 jam
1528 1997 1822 2069 absoluta,
1851 1998 2256 2077 acquiescunt.
2339 1999 2490 2059 Cum
2518 2018 2628 2059 nn-

435 2088 585 2169 tiqui
614 2089 862 2163 Comici,
910 2091 983 2150 iis
1024 2093 1239 2172 pariter
1266 2112 1401 2172 quae
1431 2092 1657 2165 dicunt,
1687 2100 1748 2151 et
1773 2091 2286 2175 dicendi'rntione,
2328 2094 2627 2154 urbanita-

436 2197 575 2260 tem,
605 2186 745 2266 quis
772 2186 917 2247 nihil
946 2187 1109 2247 aliud
1141 2199 1485 2268 spectarunt
1506 2206 1684 2267 quam
1704 2188 2035 2260 ridiculum,
2061 2187 2354 2269 plerisque
2376 2188 2436 2249 in
2459 2189 2626 2264 locis,

436 2282 839 2364 imprudenter
864 2283 1196 2344 excedant:
1239 2283 1492 2363 ideoque
1522 2293 1584 2344 et
1610 2283 1814 2343 vitium
1842 2284 2209 2365 plerumque,
2250 2284 2410 2365 quod
2437 2284 2626 2364 βωμο-

434 2384 647 2460 λοχίαν
691 2378 839 2439 dixit
880 2380 1250 2454 Aristoteles,
1294 2379 1614 2440 incurrant.
1701 2379 1816 2447 Qui
1861 2380 1946 2439 vir
1987 2399 2242 2459 magnus
2285 2381 2627 2445 Ethicorum

436 2488 667 2553 quarto,
694 2477 795 2537 ubi
823 2476 898 2537 de
925 2477 1257 2537 urbanitate
1282 2477 1427 2555 agit,
1475 2496 1611 2556 quae
1653 2476 1712 2537 in
1761 2475 1962 2555 primis
1991 2476 2185 2537 locum
2213 2474 2274 2535 in
2302 2476 2396 2537 his
2423 2477 2624 2549 habet,

434 2570 678 2629 eosdem
706 2582 767 2631 et
793 2574 1051 2633 urbanos
1078 2582 1139 2632 et
1165 2572 1449 2633 honestos
1480 2571 1676 2633 vocari
1705 2573 1818 2633 ait:
1849 2576 2220 2651 εὐτραπέλους
2245 2572 2422 2645 enirn,
2450 2575 2622 2652 quani

435 2669 744 2744 εὐτρόπους,
788 2666 928 2730 dici.
958 2669 977 2705 -“
1011 2668 1179 2730 Sicut
1204 2678 1401 2730 autem
1430 2668 1505 2729 de
1534 2668 1879 2747 corporibus
1907 2689 1981 2729 ex
2007 2678 2193 2741 motu,
2235 2668 2322 2729 ita
2347 2687 2422 2730 ex
2449 2671 2624 2731 urba·-

434 2763 617 2823 nitate
655 2764 911 2843 judicari
957 2763 1035 2825 de
1084 2766 1279 2825 animo
1304 2774 1561 2825 :utrum
1588 2782 1800 2843 nempe
1827 2764 2114 2825 honestus
2154 2764 2251 2839 sit,
2295 2784 2372 2824 an
2415 2766 2623 2843 turpis.

436 2861 555 2929 Qui
604 2860 681 2920 de
725 2860 1067 2941 corporibus
1110 2861 1301 2933 locus,
1346 2880 1485 2921 cum
1531 2861 1822 2919 obscurus
1865 2861 2037 2921 nobis
2069 2859 2384 2933 videretur,
2431 2879 2624 2939 neque

435 2958 751 3034 quicquam
792 2954 853 3015 iu
902 2957 1230 3016 recentibus
1280 2955 1686 3034 scriptoribus,
1733 2956 1836 3034 qui
1887 2954 2250 3033 interpretati
2290 2974 2424 3015 eum
2463 2964 2624 3028 sunt,

437 3050 693 3129 praesidii
720 3050 798 3111 ud
826 3070 1067 3112 manum
1092 3060 1275 3125 esset,
1324 3051 1401 3111 ad
1429 3049 1832 3128 Andronicum
1861 3048 2182 3122 Rhodium,
2229 3048 2398 3127 cujus
2444 3048 2625 3109 Para·-

434 3146 674 3226 phrasin
702 3148 761 3207 in
791 3148 927 3211 illos
952 3148 1135 3208 libros
1164 3148 1339 3228 plane
1368 3146 1796 3219 admirandam,
1835 3134 2004 3225 primi
2034 3154 2094 3203 et
2119 3142 2434 3217 edidimus,
2469 3157 2538 3205 -et
2563 3146 2624 3206 in

437 3244 705 3304 Latinum
733 3245 1128 3307 convertimus
1159 3264 1508 3318 sermonem,
1544 3253 1613 3303 ut
1642 3262 1801 3323 saepe
1829 3242 1998 3315 alias,
2027 3239 2422 3319 confugimus.
2507 3240 2625 3310 Qui

433 3340 548 3399 hoc
576 3340 792 3401 modo:
830 3340 907 3401 'H
932 3339 997 3401 δὲ
1028 3344 1289 3421 μεσότης,
1336 3344 1698 3421 εὐτραπελία,
1747 3342 1837 3399 καὶ
1883 3339 1936 3398 οἶ
1980 3341 2228 3420 ἔχοντες,
2273 3340 2622 3415 εὐτράπελοι,

434 3434 557 3497 οἷον
584 3436 857 3516 eiii-porat·
900 3440 1134 3515 καὶγὰρ
1159 3450 1259 3499 τοῦ
1306 3442 1467 3511 ἤθους
1509 3434 1737 3498 δοκοῦσι
1779 3441 2033 3496 τοιαῦται
2078 3436 2336 3505 κινήσειε,
2383 3430 2530 3495 οὗτοι
2557 3433 2624 3495 δέ

436 3536 584 3592 εἰσιν
610 3536 663 3592 οἱ
686 3536 990 3599 walion-er
1013 3535 1288 3614 ἐμμελῦε,
1317 3536 1407 3593 καὶ
1436 3540 1503 3593 ὥς
1530 3532 1637 3608 δεῖ,
1665 3536 1756 3592 καὶ
1783 3532 1899 3592 ὅτε.
1940 3536 2126 3611 ὥσπερ
2154 3534 2268 3607 ’γάρ
2295 3528 2358 3589 αἶ
2383 3534 2624 3601 κινήσειε

434 3633 509 3688 τὰ
556 3630 789 3708 σώματα
830 3632 1359 3709 χαρακτηρίξουσιν·
1405 3627 1524 3690 οἷον
1567 3640 1678 3708 πῦρ
1723 3630 1831 3706 μὲν
1871 3632 1906 3699 ἡ
1952 3630 2030 3688 εἰς
2055 3627 2116 3687 τὸ
2143 3626 2268 3685 ἅνω
2291 3631 2506 3697 κίνησις
2531 3631 2630 3687 καὶ

434 3732 551 3784 πᾶν
579 3730 795 3803 κοῦφον·
838 3724 987 3799 βαρὺ
1006 3724 1069 3785 δὲ
1094 3730 1129 3797 ἦ
1154 3732 1233 3787 eis
1258 3728 1320 3788 τὸ
1346 3732 1546 3805 μέσον,
1587 3730 1678 3787 καὶ
1705 3729 1798 3785 ἐπὶ
1824 3736 1936 3786 τῶν
1971 3726 2174 3783 ἄλλων
2221 3724 2440 3802 ὁμοίως·
2481 3720 2622 3781 οὕτω

436 3824 529 3880 καὶ
558 3821 671 3881 ἀπὸ
700 3830 810 3880 τῶν
838 3821 939 3893 ἔξω
970 3825 1059 3880 καὶ
1086 3828 1440 3900 φαινομένων
1467 3831 1565 3882 τοῦ
1590 3826 1882 3897 ἀνθρώπων
1909 3826 2200 3892 κινήσεων,
2247 3818 2310 3877 αἱ
2352 3818 2486 3889 ἕξεις
2529 3830 2625 3889 rm

436 3919 621 3998 ψυχῆς
640 3923 939 3998 φαίνονται
964 3919 1057 3975 καὶ
1085 3922 1159 3976 τὰ
1184 3922 1308 3991 ἢθη.
1392 3918 1569 3988 Quod
1615 3929 1710 3978 est
1751 3938 1827 3978 ex
1866 3916 2342 3997 interpretatione
2368 3923 2615 3975 nostra:

432 4022 453 4050 ⁴
483 4012 751 4075 Medium
774 4032 937 4086 vero,
966 4016 1325 4089 εὒνραπελία,
1352 4014 1415 4074 id
1446 4024 1559 4090 est,
1608 4015 1933 4087 urbanitas,
1982 4011 2204 4092 quique
2241 4010 2304 4069 in
2330 4026 2404 4068 eo
2431 4010 2622 4070 ezeeh

433 4110 586 4185 lunt,
636 4112 988 4189 εὐτράπελοι,
1036 4111 1207 4189 quasi
1250 4110 1522 4191 εὔτροποι,
1564 4112 1680 4173 hoc
1707 4121 1820 4186 est,
1868 4112 2021 4171 bene
2047 4106 2276 4179 morati,
2323 4102 2618 4167 dicuntur.

440 4205 670 4267 Etenim
698 4208 1068 4289 potissimum
1097 4224 1133 4268 a
1161 4207 1417 4269 moribus
1449 4208 1716 4271 videntur
1743 4227 1876 4269 esse
1898 4206 1963 4267 hi
2001 4213 2214 4264 motus.
2300 4200 2381 4262 Hi
2422 4210 2620 4265 autern
