3234 4934
668 416 757 482 84
1120 430 1486 481 nammis
1532 430 1824 481 namen
1875 432 2398 483 mssnnm‘rm.

664 594 827 636 mum
854 573 1090 633 culmen
1118 592 1191 633 ac
1218 574 1521 653 fastigium
1564 584 1771 635 evecta
1817 575 1948 649 fuit,
1988 578 2256 657 ignorare
2295 574 2488 655 potnit
2523 573 2853 655 judicium;

662 669 751 731 vir
776 680 999 742 tantus,
1049 679 1131 741 et,
1172 669 1334 749 quod
1382 672 1465 730 rei
1506 680 1688 750 caput
1737 671 2001 743 arbitror,
2047 670 2431 752 principibus,
2461 672 2566 752 qui
2611 672 2764 733 inter
2791 692 2858 733 se

660 764 926 846 quotidie
956 764 1033 825 de
1073 764 1145 823 iis
1182 763 1555 843 judicabant,
1596 766 1799 825 intime
1827 766 2127 826 familiaris
2156 786 2226 827 ac
2255 768 2501 828 amicus.
2583 769 2856 848 Aug-usto

660 870 879 933 autem,
920 861 1139 938 optimo
1184 850 1552 938 ingeniorum
1589 860 1804 939 judici,
1843 872 1960 921 tam
1999 872 2205 941 gratus
2235 873 2414 943 atque
2441 874 2742 944 acceptus,
2789 875 2858 924 ut

658 975 783 1017 non
806 976 939 1016 raro
965 955 1365 1035 lepidissimus
1393 955 1710 1017 homuncio
1749 958 1822 1016 ab
1850 977 1923 1017 eo
1951 956 2262 1031 diceretur,
2309 969 2372 1019 et
2397 978 2594 1040 quem,
2624 959 2674 1019 si
2703 960 2856 1020 anti·

661 1051 870 1132 quitati
896 1050 1170 1110 habenda
1192 1052 1293 1110 hic
1318 1049 1486 1121 fides,
1530 1052 1708 1110 etiam
1749 1050 1966 1111 habere
1992 1054 2069 1114 ab
2097 1053 2365 1133 epistolis
2407 1055 2653 1135 optavit.
2737 1055 2856 1124 Qui

660 1166 798 1211 cum
824 1156 1030 1208 contra
1056 1147 1205 1207 tanti
1231 1146 1487 1207 Terentii
1531 1146 1737 1207 fecerit
1784 1148 2076 1221 Fabellas,
2125 1160 2196 1209 ut
2239 1162 2302 1211 et
2343 1150 2610 1231 integras
2654 1170 2730 1210 ex
2777 1149 2852 1211 iis

651 1246 843 1322 ῥὴσειε
871 1243 1267 1322 descripserit,
1308 1252 1369 1301 et
1397 1243 1612 1323 ubique
1643 1245 2069 1317 accommodet,
2111 1245 2223 1306 soli
2259 1246 2514 1326 denique
2541 1255 2724 1307 artem
2753 1247 2854 1305 tri-

656 1340 840 1408 buat:
884 1338 1136 1399 hominis
1164 1338 1439 1399 αὖθάδουε
1470 1338 1661 1417 potius
1691 1359 1868 1417 quam
1897 1341 2112 1400 eruditi
2137 1350 2317 1414 esset,
2365 1342 2450 1401 ita
2477 1341 2787 1403 dissentire
2815 1361 2854 1402 a

658 1442 828 1494 tanto
854 1435 1001 1507 viro,
1048 1444 1117 1493 ut
1166 1454 1241 1494 ne
1288 1453 1529 1493 causam
1576 1432 1740 1511 prius
1767 1435 2242 1513 cognoscendam
2281 1437 2568 1499 crederet.
2651 1436 2852 1505 Quare

656 1529 957 1589 videamus
987 1531 1216 1602 saltem,
1259 1528 1401 1608 quid
1446 1527 1637 1588 afferri
1678 1548 1786 1608 pro
1813 1539 2062 1609 utroque
2092 1531 2297 1609 possit.
2383 1534 2477 1592 Ne
2505 1533 2598 1591 vel
2650 1532 2851 1593 Flacci

647 1624 939 1704 judicium
983 1626 1044 1684 in
1092 1634 1414 1705 posterum,
1466 1632 1531 1684 ut
1578 1626 1792 1695 solent,
1841 1634 1946 1684 aut
1991 1625 2326 1687 Terentium
2375 1644 2579 1686 secure
2605 1626 2850 1687 nimium

658 1720 939 1781 damnare
966 1721 1205 1800 quidam
1244 1732 1497 1799 pergant
1524 1720 1582 1778 in
1614 1720 1940 1780 Comoedia.
2011 1720 2229 1780 Omnia
2257 1730 2454 1782 autem
2479 1741 2588 1801 pro
2620 1722 2852 1781 Horatii

648 1815 895 1899 judicio,
937 1818 1038 1895 qui
1070 1817 1345 1876 Plautum
1375 1818 1461 1876 sic
1491 1835 1760 1876 amamus
1786 1824 1856 1875 ut
1881 1834 1914 1875 e
1943 1816 2215 1876 manibus
2243 1817 2539 1877 rarissime
2574 1825 2848 1896 putemus

656 1912 1098 1991 deponendum,
1146 1912 1418 1971 dicentur
1462 1910 1662 1991 potius
1699 1930 1877 1989 quam
1905 1921 2126 1971 nostro.
2213 1912 2304 1971 Ac
2331 1910 2406 1973 de
2435 1912 2692 1971 numeris
2721 1912 2851 1991 qui-

658 2005 791 2067 dem
824 2008 1109 2066 nonnulla
1140 2008 1451 2067 Donatus:
1480 2026 1599 2086 qua
1627 2008 1800 2067 etiam
1829 2009 1888 2067 in
1917 2017 2082 2087 parte
2109 2006 2272 2067 haud
2301 2026 2508 2087 parum
2531 2006 2848 2068 Veteribus

656 2101 957 2162 nonnullis
1007 2103 1229 2181 placuit
1274 2098 1603 2162 Terentius.
1691 2102 1908 2163 Rufino
1959 2102 2200 2182 quidem
2247 2103 2670 2178 Grammatico,
2711 2120 2848 2164 cum

654 2198 880 2277 inquit:

899 2312 1157 2390 Agnovit
1184 2324 1455 2383 metrum,
1484 2320 1796 2388 servatque
1826 2310 2134 2369 Terentius
2163 2319 2385 2371 auem:

895 2406 1050 2464 Nam
1079 2405 1358 2483 prologos
1388 2404 1646 2465 trimetro
1675 2404 1884 2464 didicit
1911 2410 2261 2484 componere
2287 2424 2483 2477 versu,

892 2502 1329 2578 Scenarumque
1355 2510 1523 2559 actus
1547 2500 1765 2578 primos
1795 2499 1948 2578 pede
1976 2498 2203 2559 claudit
2229 2498 2458 2559 eodem.

653 2628 1005 2708 Quanquam
1035 2638 1192 2689 certe
1222 2628 1440 2687 Fabius
1470 2646 1589 2685 non
1620 2628 1856 2685 stetisse
1887 2628 2039 2685 intra
2065 2626 2355 2687 trimetros
2387 2625 2676 2705 deplorat.
2751 2629 2845 2690 De

651 2744 771 2803 quo
800 2724 947 2784 forte
976 2724 1122 2783 alias
1154 2722 1365 2781 dicturi
1408 2738 1635 2781 sumus.
1717 2720 1812 2780 Ad
1860 2720 2108 2779 alterum
2150 2720 2493 2801 priusquam
2521 2722 2843 2798 veniamus,

648 2820 927 2899 quaedam
946 2816 1359 2898 praemittenda
1386 2826 1576 2875 erunt.
1634 2817 1788 2875 Cum
1817 2817 2041 2877 eaedem
2066 2815 2389 2876 Comoediae
2419 2818 2844 2896 propemodum

648 2917 769 2976 sint
796 2925 989 2994 partes
1020 2934 1090 2974 ac
1117 2911 1467 2993 Tragoediae,
1512 2912 1647 2970 finis
1691 2930 1928 2992 quoque
1956 2932 2028 2971 ex
2059 2921 2224 2993 parte
2255 2910 2430 2984 idern,
2459 2930 2532 2972 ex
2558 2924 2726 2992 parte
2753 2914 2843 2974 di-

647 3030 872 3081 versus»,
900 3010 1088 3069 multa
1112 3028 1245 3069 esse
1272 3008 1501 3087 utrique
1528 3006 1864 3067 communia
1891 3026 2139 3068 necesse
2165 3016 2278 3067 est.
2335 3005 2650 3068 Delectat-e
2682 3009 2840 3069 enim

647 3128 718 3167 ac
745 3108 958 3167 docere
986 3116 1078 3165 est
1107 3104 1463 3165 Comoediae:
1508 3122 1700 3182 neque
1727 3104 1923 3161 minus
1946 3100 2175 3161 Comici
2203 3100 2534 3161 διδάσκαλοι
2561 3112 2623 3163 et
2648 3127 2840 3184 κωμῳ-

649 3202 999 3272 διὸάσκαλοι,
1040 3220 1218 3280 quam
1246 3198 1502 3277 Tragici,
1530 3218 1568 3258 a
1595 3198 1824 3257 Graecis
1855 3197 2152 3257 dicuntur.
2236 3196 2367 3254 Nec
2393 3215 2626 3256 movere
2657 3199 2839 3257 risum

648 3317 792 3359 saue
838 3296 1145 3357 coustituit
1186 3293 1576 3364 Comoediam,
1629 3292 1734 3352 sed
1781 3291 1968 3370 plebis
2018 3290 2336 3369 aucupium
2379 3300 2474 3349 est
2501 3303 2563 3351 et
2590 3294 2838 3354 abusus.

650 3394 804 3453 Nam
832 3391 1160 3463 ridiculum,
1186 3400 1257 3449 ut
1282 3401 1441 3449 recte
1468 3387 1841 3457 Aristoteles,
1871 3394 1886 3421 ⁶
1905 3387 2112 3447 vitium
2134 3395 2228 3446 est
2256 3394 2316 3445 et
2336 3384 2593 3459 soeditas,
2621 3386 2840 3449 doloris

649 3507 891 3565 expers;
937 3506 1071 3565 quoe
1108 3496 1333 3565 partem
1362 3485 1421 3543 in
1451 3483 1688 3543 homine
1717 3482 1972 3561 aliquam
1999 3480 2318 3562 corrumpit
2343 3482 2567 3560 absque
2593 3483 2841 3543 morbo.’

648 3584 815 3643 Sicut
842 3581 1001 3641 foeda
1026 3593 1087 3641 et
1113 3580 1347 3641 detorta
1374 3579 1576 3652 facies,
1629 3578 1680 3638 si
1728 3578 1892 3638 nullo
1939 3596 2076 3637 cum
2105 3578 2308 3638 dolore
2337 3576 2452 3637 hoc
2477 3578 2605 3651 fiat,
2653 3578 2835 3639 risum

646 3688 861 3738 movet.
943 3675 1119 3735 Unde
1144 3676 1335 3754 ipsum
1364 3694 1599 3753 quoque
1627 3675 1807 3734 risum
1857 3692 2063 3734 omnes
2109 3674 2230 3733 fere
2261 3673 2654 3753 antiquissimi
2693 3674 2837 3734 Phi-

644 3772 875 3851 losophi
925 3768 1236 3848 indignum
1282 3770 1549 3847 sapiente
1588 3767 1952 3847 judicarunt.
2038 3767 2207 3828 Adeo
2234 3777 2300 3828 ut
2325 3768 2522 3841 Plato,
2549 3778 2837 3848 tanquam

645 3866 1018 3945 sacrilegum,
1066 3863 1371 3925 traducere
1402 3885 1521 3924 non
1550 3864 1782 3925 dubitet
1810 3864 2151 3939 Homerum,
2196 3864 2298 3944 qui
2348 3864 2607 3924 ridentes
2652 3865 2837 3925 intro-

645 3964 814 4023 duxit
858 3963 1019 4021 Deos
1047 3982 1063 4019 :
1106 3960 1267 4039 quod
1314 3961 1373 4019 in
1426 3960 1662 4021 homine
1693 3981 1810 4022 non
1839 3978 1932 4034 τῆς
1957 3964 2099 4021 κατὰ
2125 3964 2325 4035 λόγον,
2371 3979 2573 4019 verum
2601 3974 2695 4032 τῆς
2721 3965 2838 4019 κατ’

645 4063 928 4130 αἴσθησιν,
971 4054 1465 4135 quemadmodum
1496 4055 1843 4138 Philosophi
1888 4057 2231 4143 loquuntur,
2283 4052 2582 4113 διαθέσεως
2608 4054 2686 4113 sit
2713 4055 2836 4133 sig-

644 4171 785 4210 num
812 4173 827 4219 ;
873 4172 909 4211 a
955 4172 1075 4231 qua
1103 4151 1277 4231 longe
1308 4152 1477 4209 abest
1506 4150 1672 4212 Deus
1700 4175 1714 4213 :
1759 4156 1897 4224 αὐτὴ
1927 4156 1959 4223 ἦ
1987 4156 2153 4212 cimici
2182 4154 2379 4225 λόγον,
2429 4153 2516 4209 καὶ
2547 4152 2827 4211 αὖτόνουε.

650 4246 820 4305 Unde
852 4246 1137 4325 Thespis:
