<?xml version="1.0" encoding="UTF-8"?>
<!DOCTYPE html PUBLIC "-//W3C//DTD XHTML 1.0 Transitional//EN"
    "http://www.w3.org/TR/xhtml1/DTD/xhtml1-transitional.dtd">
<html xmlns="http://www.w3.org/1999/xhtml" xml:lang="en" lang="en">
 <head>
  <title>
</title>
<meta http-equiv="Content-Type" content="text/html;charset=utf-8" />
  <meta name='ocr-system' content='tesseract 3.04.00' />
  <meta name='ocr-capabilities' content='ocr_page ocr_carea ocr_par ocr_line ocrx_word'/>
</head>
<body>
  <div class='ocr_page' id='page_1' title='image "./comoedisex10westgoog_0067.png"; bbox 0 0 3234 4934; ppageno 0'>
   <div class='ocr_carea' id='block_1_1' title="bbox 1101 390 2617 456">
    <p class='ocr_par' dir='ltr' id='par_1_1' title="bbox 1101 390 2617 456">
     <span class='ocr_line' id='line_1_1' title="bbox 1101 390 2617 456; baseline 0.007 -12"><span class='ocrx_word' id='word_1_1' title='bbox 1101 397 1372 450; x_wconf 75' lang='lat' dir='ltr'><strong>weron</strong></span> <span class='ocrx_word' id='word_1_2' title='bbox 1419 400 1518 448; x_wconf 80' lang='lat' dir='ltr'><strong>ns</strong></span> <span class='ocrx_word' id='word_1_3' title='bbox 1564 401 1945 450; x_wconf 57' lang='lat' dir='ltr'><strong>contenis.</strong></span> <span class='ocrx_word' id='word_1_4' title='bbox 2529 390 2617 456; x_wconf 75' lang='lat'><strong>5¹7</strong></span> 
     </span>
    </p>
   </div>
   <div class='ocr_carea' id='block_1_2' title="bbox 429 537 2638 4248">
    <p class='ocr_par' dir='ltr' id='par_1_2' title="bbox 429 537 2638 4248">
     <span class='ocr_line' id='line_1_2' title="bbox 429 537 2617 621; baseline 0 -20"><span class='ocrx_word' id='word_1_5' title='bbox 429 538 634 601; x_wconf 82' lang='lat' dir='ltr'><strong>minori</strong></span> <span class='ocrx_word' id='word_1_6' title='bbox 678 537 1065 598; x_wconf 84' lang='lat' dir='ltr'><strong>catalecticon</strong></span> <span class='ocrx_word' id='word_1_7' title='bbox 1103 548 1502 602; x_wconf 85' lang='lat' dir='ltr'><strong>tetrametrum</strong></span> <span class='ocrx_word' id='word_1_8' title='bbox 1543 541 1923 621; x_wconf 82' lang='lat' dir='ltr'><strong>excogitavit,</strong></span> <span class='ocrx_word' id='word_1_9' title='bbox 1972 540 2465 620; x_wconf 87' lang='lat' dir='ltr'><strong>Pherecratesque</strong></span> <span class='ocrx_word' id='word_1_10' title='bbox 2508 543 2617 602; x_wconf 85' lang='lat' dir='ltr'><strong>sibi</strong></span> 
     </span>
     <span class='ocr_line' id='line_1_3' title="bbox 431 611 2616 718; baseline 0.004 -28"><span class='ocrx_word' id='word_1_11' title='bbox 431 653 660 692; x_wconf 80' lang='lat' dir='ltr'><strong>versum</strong></span> <span class='ocrx_word' id='word_1_12' title='bbox 689 655 724 694; x_wconf 93' lang='lat' dir='ltr'><strong>e</strong></span> <span class='ocrx_word' id='word_1_13' title='bbox 751 635 1055 712; x_wconf 80' lang='lat' dir='ltr'><strong>spondaeo,</strong></span> <span class='ocrx_word' id='word_1_14' title='bbox 1083 635 1343 715; x_wconf 79' lang='lat' dir='ltr'><strong>dactylo,</strong></span> <span class='ocrx_word' id='word_1_15' title='bbox 1371 648 1434 698; x_wconf 88' lang='lat' dir='ltr'><strong>et</strong></span> <span class='ocrx_word' id='word_1_16' title='bbox 1452 639 1711 698; x_wconf 74' lang='lat' dir='ltr'><strong>trochteo</strong></span> <span class='ocrx_word' id='word_1_17' title='bbox 1738 638 2189 718; x_wconf 87' lang='lat' dir='ltr'><strong>pulcherrimum</strong></span> <span class='ocrx_word' id='word_1_18' title='bbox 2210 611 2616 698; x_wconf 60' lang='lat' dir='ltr'><strong>concinnairit:</strong></span> 
     </span>
     <span class='ocr_line' id='line_1_4' title="bbox 435 731 2621 812; baseline 0.001 -23"><span class='ocrx_word' id='word_1_19' title='bbox 435 749 545 790; x_wconf 89' lang='lat' dir='ltr'><strong>nec</strong></span> <span class='ocrx_word' id='word_1_20' title='bbox 574 750 744 791; x_wconf 86' lang='lat' dir='ltr'><strong>secus</strong></span> <span class='ocrx_word' id='word_1_21' title='bbox 773 731 1012 809; x_wconf 77' lang='lat' dir='ltr'>Eupolis</span> <span class='ocrx_word' id='word_1_22' title='bbox 1041 743 1442 794; x_wconf 87' lang='lat' dir='ltr'><strong>tetrametrum</strong></span> <span class='ocrx_word' id='word_1_23' title='bbox 1465 753 1538 793; x_wconf 90' lang='lat' dir='ltr'><strong>ex</strong></span> <span class='ocrx_word' id='word_1_24' title='bbox 1568 734 1841 796; x_wconf 60' lang='lat' dir='ltr'><strong>trochaeis</strong></span> <span class='ocrx_word' id='word_1_25' title='bbox 1870 734 2319 812; x_wconf 78' lang='lat' dir='ltr'><strong>conglutinavit.</strong></span> <span class='ocrx_word' id='word_1_26' title='bbox 2402 734 2621 792; x_wconf 88' lang='lat' dir='ltr'><strong>Verum</strong></span> 
     </span>
     <span class='ocr_line' id='line_1_5' title="bbox 433 825 2617 906; baseline 0.001 -21"><span class='ocrx_word' id='word_1_27' title='bbox 433 825 876 906; x_wconf 74' lang='lat' dir='ltr'>Aristophanes,</span> <span class='ocrx_word' id='word_1_28' title='bbox 915 838 986 888; x_wconf 91' lang='lat' dir='ltr'><strong>ut</strong></span> <span class='ocrx_word' id='word_1_29' title='bbox 1021 829 1082 886; x_wconf 89' lang='lat' dir='ltr'><strong>in</strong></span> <span class='ocrx_word' id='word_1_30' title='bbox 1125 830 1396 889; x_wconf 88' lang='lat' dir='ltr'><strong>omuibus</strong></span> <span class='ocrx_word' id='word_1_31' title='bbox 1442 843 1536 889; x_wconf 87' lang='lat' dir='ltr'><strong>est</strong></span> <span class='ocrx_word' id='word_1_32' title='bbox 1575 840 2017 902; x_wconf 71' lang='grc' dir='ltr'><strong><em>τοιητικώτατοε,</em></strong></span> <span class='ocrx_word' id='word_1_33' title='bbox 2064 831 2125 889; x_wconf 89' lang='lat' dir='ltr'><strong>in</strong></span> <span class='ocrx_word' id='word_1_34' title='bbox 2168 829 2283 887; x_wconf 91' lang='lat' dir='ltr'><strong>hoc</strong></span> <span class='ocrx_word' id='word_1_35' title='bbox 2310 829 2483 888; x_wconf 90' lang='lat' dir='ltr'><strong>etiarn</strong></span> <span class='ocrx_word' id='word_1_36' title='bbox 2514 828 2617 888; x_wconf 88' lang='lat' dir='ltr'><strong>ulli</strong></span> 
     </span>
     <span class='ocr_line' id='line_1_6' title="bbox 431 921 2618 1006; baseline 0.001 -27"><span class='ocrx_word' id='word_1_37' title='bbox 431 921 639 982; x_wconf 82' lang='lat' dir='ltr'>cedere</span> <span class='ocrx_word' id='word_1_38' title='bbox 681 923 888 983; x_wconf 86' lang='lat' dir='ltr'><strong>noluit.</strong></span> <span class='ocrx_word' id='word_1_39' title='bbox 970 924 1291 985; x_wconf 89' lang='lat' dir='ltr'><strong>Iambicum</strong></span> <span class='ocrx_word' id='word_1_40' title='bbox 1336 926 1492 984; x_wconf 88' lang='lat' dir='ltr'><strong>enirn</strong></span> <span class='ocrx_word' id='word_1_41' title='bbox 1537 925 2138 1006; x_wconf 78' lang='lat' dir='ltr'><strong>hyper-catalecticum</strong></span> <span class='ocrx_word' id='word_1_42' title='bbox 2170 935 2618 997; x_wconf 88' lang='lat' dir='ltr'><strong>monometrum,</strong></span> 
     </span>
     <span class='ocr_line' id='line_1_7' title="bbox 431 1019 2619 1099; baseline 0 -22"><span class='ocrx_word' id='word_1_43' title='bbox 431 1031 492 1077; x_wconf 91' lang='lat' dir='ltr'><strong>et</strong></span> <span class='ocrx_word' id='word_1_44' title='bbox 529 1019 1156 1099; x_wconf 79' lang='lat' dir='ltr'><strong>brachycatalecticum</strong></span> <span class='ocrx_word' id='word_1_45' title='bbox 1200 1020 1546 1092; x_wconf 77' lang='lat' dir='ltr'><strong>trimetrum,</strong></span> <span class='ocrx_word' id='word_1_46' title='bbox 1589 1030 1687 1081; x_wconf 89' lang='lat' dir='ltr'><strong>est</strong></span> <span class='ocrx_word' id='word_1_47' title='bbox 1726 1020 1873 1080; x_wconf 89' lang='lat' dir='ltr'><strong>mira</strong></span> <span class='ocrx_word' id='word_1_48' title='bbox 1923 1019 2211 1080; x_wconf 81' lang='lat' dir='ltr'><strong>suavitate</strong></span> <span class='ocrx_word' id='word_1_49' title='bbox 2258 1019 2619 1079; x_wconf 84' lang='lat' dir='ltr'><strong>modulatus.</strong></span> 
     </span>
     <span class='ocr_line' id='line_1_8' title="bbox 433 1113 2621 1194; baseline 0.002 -24"><span class='ocrx_word' id='word_1_50' title='bbox 433 1113 682 1194; x_wconf 78' lang='lat' dir='ltr'>Insuper</span> <span class='ocrx_word' id='word_1_51' title='bbox 707 1133 782 1174; x_wconf 84' lang='lat' dir='ltr'><strong>ex</strong></span> <span class='ocrx_word' id='word_1_52' title='bbox 812 1116 1134 1193; x_wconf 76' lang='lat' dir='ltr'><strong>anapaestis</strong></span> <span class='ocrx_word' id='word_1_53' title='bbox 1162 1115 1484 1176; x_wconf 77' lang='lat' dir='ltr'><strong>trimetrum</strong></span> <span class='ocrx_word' id='word_1_54' title='bbox 1515 1114 1982 1186; x_wconf 86' lang='lat' dir='ltr'><strong>acatalecticum,</strong></span> <span class='ocrx_word' id='word_1_55' title='bbox 2011 1135 2083 1174; x_wconf 86' lang='lat' dir='ltr'><strong>ex</strong></span> <span class='ocrx_word' id='word_1_56' title='bbox 2112 1114 2463 1174; x_wconf 83' lang='lat' dir='ltr'><strong>choriambis</strong></span> <span class='ocrx_word' id='word_1_57' title='bbox 2485 1133 2621 1174; x_wconf 81' lang='lat' dir='ltr'><strong>vero</strong></span> 
     </span>
     <span class='ocr_line' id='line_1_9' title="bbox 429 1210 2623 1290; baseline 0.001 -22"><span class='ocrx_word' id='word_1_58' title='bbox 429 1220 854 1272; x_wconf 88' lang='lat' dir='ltr'><strong>monometrum</strong></span> <span class='ocrx_word' id='word_1_59' title='bbox 889 1210 1110 1289; x_wconf 88' lang='lat' dir='ltr'><strong>primus</strong></span> <span class='ocrx_word' id='word_1_60' title='bbox 1139 1210 1396 1270; x_wconf 85' lang='lat' dir='ltr'><strong>omnium</strong></span> <span class='ocrx_word' id='word_1_61' title='bbox 1428 1211 1790 1290; x_wconf 76' lang='lat' dir='ltr'><strong>temperavit,</strong></span> <span class='ocrx_word' id='word_1_62' title='bbox 1840 1222 2017 1290; x_wconf 90' lang='lat' dir='ltr'><strong>atque</strong></span> <span class='ocrx_word' id='word_1_63' title='bbox 2048 1210 2163 1270; x_wconf 88' lang='lat' dir='ltr'><strong>alia</strong></span> <span class='ocrx_word' id='word_1_64' title='bbox 2188 1210 2489 1289; x_wconf 88' lang='lat' dir='ltr'><strong>complura</strong></span> <span class='ocrx_word' id='word_1_65' title='bbox 2517 1229 2623 1288; x_wconf 86' lang='lat' dir='ltr'><strong>per</strong></span> 
     </span>
     <span class='ocr_line' id='line_1_10' title="bbox 433 1305 2622 1388; baseline 0.002 -26"><span class='ocrx_word' id='word_1_66' title='bbox 433 1305 697 1374; x_wconf 77' lang='lat' dir='ltr'><strong>Servium</strong></span> <span class='ocrx_word' id='word_1_67' title='bbox 725 1317 787 1366; x_wconf 93' lang='lat' dir='ltr'><strong>et</strong></span> <span class='ocrx_word' id='word_1_68' title='bbox 813 1306 970 1366; x_wconf 88' lang='lat' dir='ltr'><strong>illius</strong></span> <span class='ocrx_word' id='word_1_69' title='bbox 999 1307 1340 1388; x_wconf 76' lang='lat' dir='ltr'><strong>interpretes</strong></span> <span class='ocrx_word' id='word_1_70' title='bbox 1377 1307 1731 1368; x_wconf 89' lang='lat' dir='ltr'><strong>Fabularum</strong></span> <span class='ocrx_word' id='word_1_71' title='bbox 1759 1317 2065 1374; x_wconf 86' lang='lat' dir='ltr'><strong>annotata,</strong></span> <span class='ocrx_word' id='word_1_72' title='bbox 2114 1326 2249 1384; x_wconf 73' lang='lat' dir='ltr'><strong>qum</strong></span> <span class='ocrx_word' id='word_1_73' title='bbox 2277 1305 2622 1366; x_wconf 84' lang='lat' dir='ltr'><strong>mortalibus</strong></span> 
     </span>
     <span class='ocr_line' id='line_1_11' title="bbox 433 1399 2625 1480; baseline -0.002 -18"><span class='ocrx_word' id='word_1_74' title='bbox 433 1400 584 1462; x_wconf 88' lang='lat' dir='ltr'><strong>adeo</strong></span> <span class='ocrx_word' id='word_1_75' title='bbox 631 1402 1001 1480; x_wconf 86' lang='lat' dir='ltr'><strong>placuerunt,</strong></span> <span class='ocrx_word' id='word_1_76' title='bbox 1049 1413 1116 1462; x_wconf 92' lang='lat' dir='ltr'><strong>ut</strong></span> <span class='ocrx_word' id='word_1_77' title='bbox 1155 1403 1432 1462; x_wconf 87' lang='lat' dir='ltr'><strong>barbaros</strong></span> <span class='ocrx_word' id='word_1_78' title='bbox 1475 1402 1655 1463; x_wconf 85' lang='lat' dir='ltr'><strong>etiam</strong></span> <span class='ocrx_word' id='word_1_79' title='bbox 1698 1400 2013 1460; x_wconf 73' lang='lat' dir='ltr'><strong>Persarum</strong></span> <span class='ocrx_word' id='word_1_80' title='bbox 2054 1401 2281 1460; x_wconf 86' lang='lat' dir='ltr'><strong>animos</strong></span> <span class='ocrx_word' id='word_1_81' title='bbox 2328 1399 2625 1478; x_wconf 90' lang='lat' dir='ltr'><strong>potuerint</strong></span> 
     </span>
     <span class='ocr_line' id='line_1_12' title="bbox 432 1494 2624 1578; baseline 0 -24"><span class='ocrx_word' id='word_1_82' title='bbox 432 1495 784 1558; x_wconf 83' lang='lat' dir='ltr'><strong>demulcere.</strong></span> <span class='ocrx_word' id='word_1_83' title='bbox 869 1497 1098 1557; x_wconf 86' lang='lat' dir='ltr'><strong>Etenim</strong></span> <span class='ocrx_word' id='word_1_84' title='bbox 1124 1498 1280 1578; x_wconf 90' lang='lat' dir='ltr'><strong>apud</strong></span> <span class='ocrx_word' id='word_1_85' title='bbox 1323 1517 1426 1558; x_wconf 84' lang='lat' dir='ltr'><strong>eos</strong></span> <span class='ocrx_word' id='word_1_86' title='bbox 1455 1496 1909 1576; x_wconf 77' lang='lat' dir='ltr'><strong>Aristophanem</strong></span> <span class='ocrx_word' id='word_1_87' title='bbox 1938 1494 2269 1574; x_wconf 87' lang='lat' dir='ltr'><strong>accepimus</strong></span> <span class='ocrx_word' id='word_1_88' title='bbox 2298 1495 2624 1574; x_wconf 73' lang='lat' dir='ltr'><strong>proesertim</strong></span> 
     </span>
     <span class='ocr_line' id='line_1_13' title="bbox 433 1587 2617 1670; baseline -0 -20"><span class='ocrx_word' id='word_1_89' title='bbox 433 1611 468 1650; x_wconf 88' lang='lat' dir='ltr'><strong>a</strong></span> <span class='ocrx_word' id='word_1_90' title='bbox 495 1610 634 1670; x_wconf 84' lang='lat' dir='ltr'><strong>rege</strong></span> <span class='ocrx_word' id='word_1_91' title='bbox 660 1592 1033 1654; x_wconf 87' lang='lat' dir='ltr'><strong>celebratum.</strong></span> <span class='ocrx_word' id='word_1_92' title='bbox 1116 1593 1342 1653; x_wconf 84' lang='lat' dir='ltr'><strong>Contra</strong></span> <span class='ocrx_word' id='word_1_93' title='bbox 1369 1611 1506 1653; x_wconf 79' lang='lat' dir='ltr'><strong>vero</strong></span> <span class='ocrx_word' id='word_1_94' title='bbox 1535 1593 1709 1653; x_wconf 88' lang='lat' dir='ltr'><strong>Nova</strong></span> <span class='ocrx_word' id='word_1_95' title='bbox 1737 1591 2045 1652; x_wconf 78' lang='lat' dir='ltr'><strong>Comoedia</strong></span> <span class='ocrx_word' id='word_1_96' title='bbox 2070 1592 2315 1664; x_wconf 78' lang='lat' dir='ltr'><strong>iambOS,</strong></span> <span class='ocrx_word' id='word_1_97' title='bbox 2340 1600 2409 1651; x_wconf 93' lang='lat' dir='ltr'><strong>ut</strong></span> <span class='ocrx_word' id='word_1_98' title='bbox 2434 1587 2617 1670; x_wconf 91' lang='lat' dir='ltr'><strong>pluri-</strong></span> 
     </span>
     <span class='ocr_line' id='line_1_14' title="bbox 431 1685 2625 1768; baseline -0.001 -22"><span class='ocrx_word' id='word_1_99' title='bbox 431 1707 592 1748; x_wconf 87' lang='lat' dir='ltr'><strong>mum</strong></span> <span class='ocrx_word' id='word_1_100' title='bbox 621 1687 794 1760; x_wconf 88' lang='lat' dir='ltr'><strong>solet,</strong></span> <span class='ocrx_word' id='word_1_101' title='bbox 825 1698 1108 1767; x_wconf 85' lang='lat' dir='ltr'><strong>usurpat:</strong></span> <span class='ocrx_word' id='word_1_102' title='bbox 1150 1687 1651 1768; x_wconf 73' lang='lat' dir='ltr'><strong>quemadmodum</strong></span> <span class='ocrx_word' id='word_1_103' title='bbox 1693 1707 1731 1748; x_wconf 88' lang='lat' dir='ltr'><strong>a</strong></span> <span class='ocrx_word' id='word_1_104' title='bbox 1768 1687 2029 1760; x_wconf 80' lang='lat' dir='ltr'><strong>Stobaeo,</strong></span> <span class='ocrx_word' id='word_1_105' title='bbox 2057 1685 2398 1760; x_wconf 71' lang='lat' dir='ltr'><strong>Plutarcho,</strong></span> <span class='ocrx_word' id='word_1_106' title='bbox 2428 1685 2625 1746; x_wconf 88' lang='lat' dir='ltr'><strong>Gellio</strong></span> 
     </span>
     <span class='ocr_line' id='line_1_15' title="bbox 430 1781 2573 1846; baseline -0 -4"><span class='ocrx_word' id='word_1_107' title='bbox 430 1783 615 1843; x_wconf 90' lang='lat' dir='ltr'><strong>citata</strong></span> <span class='ocrx_word' id='word_1_108' title='bbox 637 1781 956 1844; x_wconf 85' lang='lat' dir='ltr'><strong>Menandri</strong></span> <span class='ocrx_word' id='word_1_109' title='bbox 983 1783 1242 1846; x_wconf 85' lang='lat' dir='ltr'><strong>carmina</strong></span> <span class='ocrx_word' id='word_1_110' title='bbox 1269 1783 1697 1845; x_wconf 86' lang='lat' dir='ltr'><strong>demonstrant.</strong></span> <span class='ocrx_word' id='word_1_111' title='bbox 2568 1801 2573 1806; x_wconf 92' lang='lat'>·</span> 
     </span>
     <span class='ocr_line' id='line_1_16' title="bbox 517 1876 2623 1958; baseline 0 -22"><span class='ocrx_word' id='word_1_112' title='bbox 517 1877 698 1938; x_wconf 88' lang='lat' dir='ltr'><strong>Binas</strong></span> <span class='ocrx_word' id='word_1_113' title='bbox 747 1889 1034 1958; x_wconf 87' lang='lat' dir='ltr'><strong>apparatu</strong></span> <span class='ocrx_word' id='word_1_114' title='bbox 1089 1878 1459 1938; x_wconf 85' lang='lat' dir='ltr'><strong>differentias</strong></span> <span class='ocrx_word' id='word_1_115' title='bbox 1509 1878 1775 1938; x_wconf 79' lang='lat' dir='ltr'><strong>extitisse</strong></span> <span class='ocrx_word' id='word_1_116' title='bbox 1832 1877 2195 1956; x_wconf 83' lang='lat' dir='ltr'><strong>grammatici</strong></span> <span class='ocrx_word' id='word_1_117' title='bbox 2236 1876 2623 1948; x_wconf 85' lang='lat' dir='ltr'><strong>tradiderunt,</strong></span> 
     </span>
     <span class='ocr_line' id='line_1_17' title="bbox 435 1972 2625 2055; baseline 0 -23"><span class='ocrx_word' id='word_1_118' title='bbox 435 1992 572 2033; x_wconf 87' lang='lat' dir='ltr'><strong>cum</strong></span> <span class='ocrx_word' id='word_1_119' title='bbox 601 1972 829 2055; x_wconf 81' lang='lat' dir='ltr'><strong>scilicet</strong></span> <span class='ocrx_word' id='word_1_120' title='bbox 852 1974 913 2030; x_wconf 90' lang='lat' dir='ltr'><strong>in</strong></span> <span class='ocrx_word' id='word_1_121' title='bbox 951 1974 1242 2051; x_wconf 76' lang='lat' dir='ltr'><strong>personiS,</strong></span> <span class='ocrx_word' id='word_1_122' title='bbox 1271 1986 1396 2032; x_wconf 89' lang='lat' dir='ltr'><strong>tum</strong></span> <span class='ocrx_word' id='word_1_123' title='bbox 1427 1975 1489 2034; x_wconf 89' lang='lat' dir='ltr'><strong>in</strong></span> <span class='ocrx_word' id='word_1_124' title='bbox 1531 1975 1665 2053; x_wconf 89' lang='lat' dir='ltr'><strong>ipsa</strong></span> <span class='ocrx_word' id='word_1_125' title='bbox 1689 1974 1858 2043; x_wconf 88' lang='lat' dir='ltr'><strong>serie,</strong></span> <span class='ocrx_word' id='word_1_126' title='bbox 1900 1973 2451 2051; x_wconf 83' lang='lat' dir='ltr'><strong>Cornoediarumque</strong></span> <span class='ocrx_word' id='word_1_127' title='bbox 2480 1993 2625 2032; x_wconf 87' lang='lat' dir='ltr'><strong>con·</strong></span> 
     </span>
     <span class='ocr_line' id='line_1_18' title="bbox 433 2067 2627 2144; baseline -0 -16"><span class='ocrx_word' id='word_1_128' title='bbox 433 2078 617 2128; x_wconf 86' lang='lat' dir='ltr'><strong>textu.</strong></span> <span class='ocrx_word' id='word_1_129' title='bbox 680 2067 990 2128; x_wconf 87' lang='lat' dir='ltr'><strong>Platonius</strong></span> <span class='ocrx_word' id='word_1_130' title='bbox 1016 2067 1174 2132; x_wconf 88' lang='lat' dir='ltr'><strong>enim</strong></span> <span class='ocrx_word' id='word_1_131' title='bbox 1203 2079 1408 2128; x_wconf 86' lang='lat' dir='ltr'><strong>auctor</strong></span> <span class='ocrx_word' id='word_1_132' title='bbox 1435 2079 1530 2128; x_wconf 89' lang='lat' dir='ltr'><strong>est</strong></span> <span class='ocrx_word' id='word_1_133' title='bbox 1555 2068 1787 2128; x_wconf 78' lang='lat' dir='ltr'><strong>Veteris</strong></span> <span class='ocrx_word' id='word_1_134' title='bbox 1818 2067 2143 2127; x_wconf 81' lang='lat' dir='ltr'><strong>Comoedise</strong></span> <span class='ocrx_word' id='word_1_135' title='bbox 2165 2069 2371 2144; x_wconf 77' lang='lat' dir='ltr'><strong>po’etas</strong></span> <span class='ocrx_word' id='word_1_136' title='bbox 2392 2087 2427 2125; x_wconf 90' lang='lat' dir='ltr'><strong>e</strong></span> <span class='ocrx_word' id='word_1_137' title='bbox 2444 2087 2627 2128; x_wconf 89' lang='lat' dir='ltr'><strong>scena</strong></span> 
     </span>
     <span class='ocr_line' id='line_1_19' title="bbox 434 2161 2623 2240; baseline -0 -18"><span class='ocrx_word' id='word_1_138' title='bbox 434 2162 644 2223; x_wconf 89' lang='lat' dir='ltr'><strong>solitos</strong></span> <span class='ocrx_word' id='word_1_139' title='bbox 671 2181 806 2222; x_wconf 88' lang='lat' dir='ltr'><strong>esse</strong></span> <span class='ocrx_word' id='word_1_140' title='bbox 832 2180 935 2222; x_wconf 89' lang='lat' dir='ltr'><strong>eos</strong></span> <span class='ocrx_word' id='word_1_141' title='bbox 964 2161 1218 2222; x_wconf 85' lang='lat' dir='ltr'><strong>educere</strong></span> <span class='ocrx_word' id='word_1_142' title='bbox 1239 2171 1610 2240; x_wconf 73' lang='lat' dir='ltr'><strong>personatoS,</strong></span> <span class='ocrx_word' id='word_1_143' title='bbox 1640 2161 1741 2240; x_wconf 93' lang='lat' dir='ltr'><strong>qui</strong></span> <span class='ocrx_word' id='word_1_144' title='bbox 1770 2161 1971 2222; x_wconf 88' lang='lat' dir='ltr'><strong>statim</strong></span> <span class='ocrx_word' id='word_1_145' title='bbox 2012 2181 2083 2221; x_wconf 88' lang='lat' dir='ltr'><strong>ex</strong></span> <span class='ocrx_word' id='word_1_146' title='bbox 2115 2161 2247 2240; x_wconf 88' lang='lat' dir='ltr'><strong>ipsa</strong></span> <span class='ocrx_word' id='word_1_147' title='bbox 2271 2161 2441 2234; x_wconf 82' lang='lat' dir='ltr'><strong>facie,</strong></span> <span class='ocrx_word' id='word_1_148' title='bbox 2471 2181 2623 2240; x_wconf 91' lang='lat' dir='ltr'><strong>quos</strong></span> 
     </span>
     <span class='ocr_line' id='line_1_20' title="bbox 435 2255 2627 2336; baseline -0.001 -17"><span class='ocrx_word' id='word_1_149' title='bbox 435 2269 638 2319; x_wconf 88' lang='lat' dir='ltr'><strong>essent</strong></span> <span class='ocrx_word' id='word_1_150' title='bbox 663 2267 789 2316; x_wconf 87' lang='lat' dir='ltr'><strong>toto</strong></span> <span class='ocrx_word' id='word_1_151' title='bbox 817 2275 994 2334; x_wconf 91' lang='lat' dir='ltr'><strong>opere</strong></span> <span class='ocrx_word' id='word_1_152' title='bbox 1037 2257 1314 2336; x_wconf 85' lang='lat' dir='ltr'><strong>carpturi,</strong></span> <span class='ocrx_word' id='word_1_153' title='bbox 1358 2259 1791 2336; x_wconf 78' lang='lat' dir='ltr'><strong>spectatoribus</strong></span> <span class='ocrx_word' id='word_1_154' title='bbox 1839 2255 2205 2317; x_wconf 85' lang='lat' dir='ltr'><strong>indicarent:</strong></span> <span class='ocrx_word' id='word_1_155' title='bbox 2262 2265 2349 2328; x_wconf 85' lang='lat' dir='ltr'><strong>ut,</strong></span> <span class='ocrx_word' id='word_1_156' title='bbox 2398 2255 2446 2316; x_wconf 88' lang='lat' dir='ltr'><strong>si</strong></span> <span class='ocrx_word' id='word_1_157' title='bbox 2477 2257 2627 2317; x_wconf 81' lang='lat' dir='ltr'><strong>sorte</strong></span> 
     </span>
     <span class='ocr_line' id='line_1_21' title="bbox 435 2351 2631 2433; baseline -0.001 -19"><span class='ocrx_word' id='word_1_158' title='bbox 435 2355 566 2433; x_wconf 90' lang='lat' dir='ltr'><strong>quis</strong></span> <span class='ocrx_word' id='word_1_159' title='bbox 583 2372 704 2413; x_wconf 88' lang='lat' dir='ltr'><strong>non</strong></span> <span class='ocrx_word' id='word_1_160' title='bbox 727 2351 930 2413; x_wconf 87' lang='lat' dir='ltr'><strong>audire</strong></span> <span class='ocrx_word' id='word_1_161' title='bbox 947 2354 1206 2412; x_wconf 88' lang='lat' dir='ltr'><strong>carmina</strong></span> <span class='ocrx_word' id='word_1_162' title='bbox 1227 2363 1555 2432; x_wconf 85' lang='lat' dir='ltr'><strong>cogeretur,</strong></span> <span class='ocrx_word' id='word_1_163' title='bbox 1573 2353 1649 2414; x_wconf 91' lang='lat' dir='ltr'><strong>de</strong></span> <span class='ocrx_word' id='word_1_164' title='bbox 1666 2371 1920 2432; x_wconf 86' lang='lat' dir='ltr'><strong>persona</strong></span> <span class='ocrx_word' id='word_1_165' title='bbox 1934 2363 2155 2424; x_wconf 89' lang='lat' dir='ltr'><strong>tamen,</strong></span> <span class='ocrx_word' id='word_1_166' title='bbox 2176 2351 2449 2431; x_wconf 88' lang='lat' dir='ltr'><strong>quisnam</strong></span> <span class='ocrx_word' id='word_1_167' title='bbox 2468 2362 2631 2412; x_wconf 87' lang='lat' dir='ltr'><strong>esset</strong></span> 
     </span>
     <span class='ocr_line' id='line_1_22' title="bbox 445 2446 2629 2528; baseline -0.001 -18"><span class='ocrx_word' id='word_1_168' title='bbox 445 2449 912 2528; x_wconf 87' lang='lat' dir='ltr'><strong>deridendus,ag</strong></span> <span class='ocrx_word' id='word_1_169' title='bbox 928 2458 1230 2508; x_wconf 87' lang='lat' dir='ltr'><strong>nosceret.</strong></span> <span class='ocrx_word' id='word_1_170' title='bbox 1314 2449 1436 2510; x_wconf 89' lang='lat' dir='ltr'><strong>Sed</strong></span> <span class='ocrx_word' id='word_1_171' title='bbox 1464 2449 1689 2509; x_wconf 90' lang='lat' dir='ltr'><strong>Comici</strong></span> <span class='ocrx_word' id='word_1_172' title='bbox 1728 2448 2101 2520; x_wconf 86' lang='lat' dir='ltr'><strong>recentiores,</strong></span> <span class='ocrx_word' id='word_1_173' title='bbox 2138 2447 2214 2508; x_wconf 91' lang='lat' dir='ltr'><strong>ad</strong></span> <span class='ocrx_word' id='word_1_174' title='bbox 2242 2446 2629 2508; x_wconf 77' lang='lat' dir='ltr'><strong>excutiendos</strong></span> 
     </span>
     <span class='ocr_line' id='line_1_23' title="bbox 461 2542 2633 2625; baseline 0 -21"><span class='ocrx_word' id='word_1_175' title='bbox 461 2545 828 2625; x_wconf 82' lang='lat' dir='ltr'><strong>potissimum</strong></span> <span class='ocrx_word' id='word_1_176' title='bbox 847 2546 1023 2617; x_wconf 87' lang='lat' dir='ltr'><strong>risus,</strong></span> <span class='ocrx_word' id='word_1_177' title='bbox 1049 2543 1400 2604; x_wconf 87' lang='lat' dir='ltr'><strong>histrionum</strong></span> <span class='ocrx_word' id='word_1_178' title='bbox 1445 2545 1629 2604; x_wconf 86' lang='lat' dir='ltr'><strong>facies</strong></span> <span class='ocrx_word' id='word_1_179' title='bbox 1676 2545 2137 2623; x_wconf 79' lang='lat' dir='ltr'><strong>configuratum.</strong></span> <span class='ocrx_word' id='word_1_180' title='bbox 2224 2543 2317 2602; x_wconf 91' lang='lat' dir='ltr'><strong>De</strong></span> <span class='ocrx_word' id='word_1_181' title='bbox 2342 2542 2633 2604; x_wconf 83' lang='lat' dir='ltr'><strong>industria</strong></span> 
     </span>
     <span class='ocr_line' id='line_1_24' title="bbox 437 2639 2629 2718; baseline -0.001 -18"><span class='ocrx_word' id='word_1_182' title='bbox 437 2640 673 2718; x_wconf 87' lang='lat' dir='ltr'><strong>quidem</strong></span> <span class='ocrx_word' id='word_1_183' title='bbox 700 2650 1065 2700; x_wconf 87' lang='lat' dir='ltr'><strong>monstrosos</strong></span> <span class='ocrx_word' id='word_1_184' title='bbox 1092 2640 1396 2699; x_wconf 89' lang='lat' dir='ltr'><strong>hominum</strong></span> <span class='ocrx_word' id='word_1_185' title='bbox 1425 2640 1623 2699; x_wconf 84' lang='lat' dir='ltr'><strong>vultus</strong></span> <span class='ocrx_word' id='word_1_186' title='bbox 1660 2640 1941 2718; x_wconf 81' lang='lat' dir='ltr'><strong>effingere</strong></span> <span class='ocrx_word' id='word_1_187' title='bbox 1968 2639 2356 2710; x_wconf 86' lang='lat' dir='ltr'><strong>conabantur,</strong></span> <span class='ocrx_word' id='word_1_188' title='bbox 2402 2658 2477 2699; x_wconf 90' lang='lat' dir='ltr'><strong>ne</strong></span> <span class='ocrx_word' id='word_1_189' title='bbox 2504 2639 2629 2699; x_wconf 87' lang='lat' dir='ltr'><strong>cui-</strong></span> 
     </span>
     <span class='ocr_line' id='line_1_25' title="bbox 435 2732 2629 2816; baseline 0 -20"><span class='ocrx_word' id='word_1_190' title='bbox 435 2738 594 2816; x_wconf 86' lang='lat' dir='ltr'><strong>piam</strong></span> <span class='ocrx_word' id='word_1_191' title='bbox 621 2737 770 2796; x_wconf 81' lang='lat' dir='ltr'><strong>sorte</strong></span> <span class='ocrx_word' id='word_1_192' title='bbox 790 2737 1024 2796; x_wconf 87' lang='lat' dir='ltr'><strong>fortuna</strong></span> <span class='ocrx_word' id='word_1_193' title='bbox 1047 2735 1367 2796; x_wconf 84' lang='lat' dir='ltr'><strong>Macedoni</strong></span> <span class='ocrx_word' id='word_1_194' title='bbox 1387 2745 1528 2794; x_wconf 88' lang='lat' dir='ltr'><strong>tunc</strong></span> <span class='ocrx_word' id='word_1_195' title='bbox 1555 2736 1839 2814; x_wconf 78' lang='lat' dir='ltr'><strong>proefecto</strong></span> <span class='ocrx_word' id='word_1_196' title='bbox 1860 2734 2079 2794; x_wconf 86' lang='lat' dir='ltr'><strong>similes</strong></span> <span class='ocrx_word' id='word_1_197' title='bbox 2101 2753 2233 2794; x_wconf 83' lang='lat' dir='ltr'><strong>esse</strong></span> <span class='ocrx_word' id='word_1_198' title='bbox 2258 2732 2629 2796; x_wconf 82' lang='lat' dir='ltr'><strong>viderentur:</strong></span> 
     </span>
     <span class='ocr_line' id='line_1_26' title="bbox 438 2823 2628 2912; baseline -0.002 -20"><span class='ocrx_word' id='word_1_199' title='bbox 438 2830 801 2912; x_wconf 89' lang='lat' dir='ltr'><strong>proindeque</strong></span> <span class='ocrx_word' id='word_1_200' title='bbox 828 2832 1002 2891; x_wconf 86' lang='lat' dir='ltr'><strong>miser</strong></span> <span class='ocrx_word' id='word_1_201' title='bbox 1045 2830 1143 2890; x_wconf 86' lang='lat' dir='ltr'><strong>ille</strong></span> <span class='ocrx_word' id='word_1_202' title='bbox 1170 2831 1366 2910; x_wconf 80' lang='lat' dir='ltr'><strong>po&#39;eta,</strong></span> <span class='ocrx_word' id='word_1_203' title='bbox 1406 2848 1526 2889; x_wconf 88' lang='lat' dir='ltr'><strong>non</strong></span> <span class='ocrx_word' id='word_1_204' title='bbox 1554 2823 1727 2889; x_wconf 79' lang='lat' dir='ltr'><strong>secus</strong></span> <span class='ocrx_word' id='word_1_205' title='bbox 1768 2849 1839 2890; x_wconf 92' lang='lat' dir='ltr'><strong>ac</strong></span> <span class='ocrx_word' id='word_1_206' title='bbox 1869 2831 1920 2889; x_wconf 88' lang='lat' dir='ltr'><strong>si</strong></span> <span class='ocrx_word' id='word_1_207' title='bbox 1958 2831 2267 2890; x_wconf 89' lang='lat' dir='ltr'><strong>barbarum</strong></span> <span class='ocrx_word' id='word_1_208' title='bbox 2308 2827 2628 2908; x_wconf 85' lang='lat' dir='ltr'><strong>principem</strong></span> 
     </span>
     <span class='ocr_line' id='line_1_27' title="bbox 441 2909 2634 3005; baseline -0.001 -19"><span class='ocrx_word' id='word_1_209' title='bbox 441 2927 584 2987; x_wconf 85' lang='lat' dir='ltr'><strong>data</strong></span> <span class='ocrx_word' id='word_1_210' title='bbox 636 2945 818 3005; x_wconf 89' lang='lat' dir='ltr'><strong>opera</strong></span> <span class='ocrx_word' id='word_1_211' title='bbox 868 2927 1279 2996; x_wconf 85' lang='lat' dir='ltr'><strong>subsannaret,</strong></span> <span class='ocrx_word' id='word_1_212' title='bbox 1324 2925 1558 3002; x_wconf 87' lang='lat' dir='ltr'><strong>publice</strong></span> <span class='ocrx_word' id='word_1_213' title='bbox 1605 2924 2025 2984; x_wconf 84' lang='lat' dir='ltr'><strong>mulctaretur:</strong></span> <span class='ocrx_word' id='word_1_214' title='bbox 2066 2924 2218 2982; x_wconf 89' lang='lat' dir='ltr'><strong>adeo</strong></span> <span class='ocrx_word' id='word_1_215' title='bbox 2264 2922 2477 2983; x_wconf 82' lang='lat' dir='ltr'><strong>nobilis</strong></span> <span class='ocrx_word' id='word_1_216' title='bbox 2530 2909 2634 2984; x_wconf 86' lang='lat' dir='ltr'><strong>illa</strong></span> 
     </span>
     <span class='ocr_line' id='line_1_28' title="bbox 447 3016 2633 3099; baseline -0.003 -17"><span class='ocrx_word' id='word_1_217' title='bbox 447 3023 796 3082; x_wconf 81' lang='lat' dir='ltr'><strong>Graecorurn</strong></span> <span class='ocrx_word' id='word_1_218' title='bbox 822 3020 1101 3099; x_wconf 88' lang='lat' dir='ltr'><strong>majestas</strong></span> <span class='ocrx_word' id='word_1_219' title='bbox 1131 3019 1372 3097; x_wconf 86' lang='lat' dir='ltr'><strong>impuris</strong></span> <span class='ocrx_word' id='word_1_220' title='bbox 1410 3020 1873 3096; x_wconf 85' lang='lat' dir='ltr'><strong>obtemperabat.</strong></span> <span class='ocrx_word' id='word_1_221' title='bbox 1954 3017 2183 3096; x_wconf 86' lang='lat' dir='ltr'><strong>Quippe</strong></span> <span class='ocrx_word' id='word_1_222' title='bbox 2230 3016 2480 3076; x_wconf 88' lang='lat' dir='ltr'><strong>distorta</strong></span> <span class='ocrx_word' id='word_1_223' title='bbox 2504 3036 2633 3078; x_wconf 89' lang='lat' dir='ltr'><strong>cor-</strong></span> 
     </span>
     <span class='ocr_line' id='line_1_29' title="bbox 437 3109 2634 3197; baseline -0.004 -19"><span class='ocrx_word' id='word_1_224' title='bbox 437 3138 587 3197; x_wconf 89' lang='lat' dir='ltr'><strong>pora</strong></span> <span class='ocrx_word' id='word_1_225' title='bbox 613 3116 946 3178; x_wconf 87' lang='lat' dir='ltr'><strong>Menander</strong></span> <span class='ocrx_word' id='word_1_226' title='bbox 971 3115 1046 3194; x_wconf 88' lang='lat' dir='ltr'><strong>(si</strong></span> <span class='ocrx_word' id='word_1_227' title='bbox 1070 3115 1344 3176; x_wconf 88' lang='lat' dir='ltr'><strong>Platonio</strong></span> <span class='ocrx_word' id='word_1_228' title='bbox 1371 3114 1693 3187; x_wconf 90' lang='lat' dir='ltr'><strong>credimus)</strong></span> <span class='ocrx_word' id='word_1_229' title='bbox 1721 3113 2015 3193; x_wconf 81' lang='lat' dir='ltr'><strong>planeque</strong></span> <span class='ocrx_word' id='word_1_230' title='bbox 2044 3129 2415 3172; x_wconf 87' lang='lat' dir='ltr'><strong>communem</strong></span> <span class='ocrx_word' id='word_1_231' title='bbox 2443 3109 2634 3172; x_wconf 84' lang='lat' dir='ltr'><strong>homi·</strong></span> 
     </span>
     <span class='ocr_line' id='line_1_30' title="bbox 441 3204 2632 3289; baseline -0.004 -15"><span class='ocrx_word' id='word_1_232' title='bbox 441 3233 582 3274; x_wconf 87' lang='lat' dir='ltr'><strong>num</strong></span> <span class='ocrx_word' id='word_1_233' title='bbox 612 3212 960 3274; x_wconf 84' lang='lat' dir='ltr'><strong>excedentia</strong></span> <span class='ocrx_word' id='word_1_234' title='bbox 991 3222 1260 3271; x_wconf 88' lang='lat' dir='ltr'><strong>naturam</strong></span> <span class='ocrx_word' id='word_1_235' title='bbox 1304 3209 1574 3289; x_wconf 87' lang='lat' dir='ltr'><strong>personis</strong></span> <span class='ocrx_word' id='word_1_236' title='bbox 1622 3210 1980 3278; x_wconf 84' lang='lat' dir='ltr'><strong>imitabatur,</strong></span> <span class='ocrx_word' id='word_1_237' title='bbox 2017 3208 2283 3286; x_wconf 76' lang='lat' dir='ltr'><strong>profecto</strong></span> <span class='ocrx_word' id='word_1_238' title='bbox 2319 3204 2632 3285; x_wconf 85' lang='lat' dir='ltr'><strong>sapienter,</strong></span> 
     </span>
     <span class='ocr_line' id='line_1_31' title="bbox 442 3299 2638 3387; baseline -0.004 -17"><span class='ocrx_word' id='word_1_239' title='bbox 442 3311 760 3382; x_wconf 85' lang='lat' dir='ltr'><strong>Quoniam,</strong></span> <span class='ocrx_word' id='word_1_240' title='bbox 787 3309 980 3387; x_wconf 90' lang='lat' dir='ltr'><strong>inquit</strong></span> <span class='ocrx_word' id='word_1_241' title='bbox 1025 3308 1142 3380; x_wconf 88' lang='lat' dir='ltr'><strong>ille,</strong></span> <span class='ocrx_word' id='word_1_242' title='bbox 1187 3326 1307 3366; x_wconf 87' lang='lat' dir='ltr'><strong>non</strong></span> <span class='ocrx_word' id='word_1_243' title='bbox 1339 3308 1534 3368; x_wconf 88' lang='lat' dir='ltr'><strong>solnm</strong></span> <span class='ocrx_word' id='word_1_244' title='bbox 1585 3306 1827 3379; x_wconf 89' lang='lat' dir='ltr'><strong>malum,</strong></span> <span class='ocrx_word' id='word_1_245' title='bbox 1870 3303 1976 3364; x_wconf 89' lang='lat' dir='ltr'><strong>sed</strong></span> <span class='ocrx_word' id='word_1_246' title='bbox 2021 3314 2085 3363; x_wconf 89' lang='lat' dir='ltr'><strong>et</strong></span> <span class='ocrx_word' id='word_1_247' title='bbox 2110 3301 2249 3362; x_wconf 84' lang='lat' dir='ltr'><strong>mali</strong></span> <span class='ocrx_word' id='word_1_248' title='bbox 2278 3299 2517 3362; x_wconf 78' lang='lat' dir='ltr'><strong>vitanda</strong></span> <span class='ocrx_word' id='word_1_249' title='bbox 2542 3313 2638 3362; x_wconf 89' lang='lat' dir='ltr'><strong>est</strong></span> 
     </span>
     <span class='ocr_line' id='line_1_32' title="bbox 447 3397 2633 3485; baseline -0.004 -20"><span class='ocrx_word' id='word_1_250' title='bbox 447 3405 727 3485; x_wconf 87' lang='lat' dir='ltr'><strong>suspicio.</strong></span> <span class='ocrx_word' id='word_1_251' title='bbox 809 3403 985 3475; x_wconf 87' lang='lat' dir='ltr'><strong>Quod</strong></span> <span class='ocrx_word' id='word_1_252' title='bbox 1013 3415 1210 3464; x_wconf 87' lang='lat' dir='ltr'><strong>autem</strong></span> <span class='ocrx_word' id='word_1_253' title='bbox 1255 3403 1334 3464; x_wconf 90' lang='lat' dir='ltr'><strong>ad</strong></span> <span class='ocrx_word' id='word_1_254' title='bbox 1363 3404 1609 3464; x_wconf 75' lang='lat' dir='ltr'><strong>Fabulae</strong></span> <span class='ocrx_word' id='word_1_255' title='bbox 1652 3402 1909 3482; x_wconf 83' lang='lat' dir='ltr'><strong>pertinet</strong></span> <span class='ocrx_word' id='word_1_256' title='bbox 1933 3409 2301 3468; x_wconf 87' lang='lat' dir='ltr'><strong>contextum,</strong></span> <span class='ocrx_word' id='word_1_257' title='bbox 2332 3397 2547 3458; x_wconf 87' lang='lat' dir='ltr'><strong>chorus</strong></span> <span class='ocrx_word' id='word_1_258' title='bbox 2572 3399 2633 3457; x_wconf 83' lang='lat' dir='ltr'><strong>in</strong></span> 
     </span>
     <span class='ocr_line' id='line_1_33' title="bbox 443 3492 2633 3578; baseline -0.004 -18"><span class='ocrx_word' id='word_1_259' title='bbox 443 3519 629 3561; x_wconf 85' lang='lat' dir='ltr'><strong>causa</strong></span> <span class='ocrx_word' id='word_1_260' title='bbox 653 3510 749 3560; x_wconf 89' lang='lat' dir='ltr'><strong>est</strong></span> <span class='ocrx_word' id='word_1_261' title='bbox 774 3519 880 3560; x_wconf 88' lang='lat' dir='ltr'><strong>cur</strong></span> <span class='ocrx_word' id='word_1_262' title='bbox 925 3501 1078 3560; x_wconf 87' lang='lat' dir='ltr'><strong>inter</strong></span> <span class='ocrx_word' id='word_1_263' title='bbox 1123 3518 1188 3558; x_wconf 93' lang='lat' dir='ltr'><strong>se</strong></span> <span class='ocrx_word' id='word_1_264' title='bbox 1218 3499 1464 3558; x_wconf 88' lang='lat' dir='ltr'><strong>Veteres</strong></span> <span class='ocrx_word' id='word_1_265' title='bbox 1515 3498 1787 3578; x_wconf 83' lang='lat' dir='ltr'><strong>Novique</strong></span> <span class='ocrx_word' id='word_1_266' title='bbox 1834 3515 1955 3556; x_wconf 88' lang='lat' dir='ltr'><strong>non</strong></span> <span class='ocrx_word' id='word_1_267' title='bbox 1992 3494 2323 3574; x_wconf 83' lang='lat' dir='ltr'><strong>quadrent:</strong></span> <span class='ocrx_word' id='word_1_268' title='bbox 2364 3492 2633 3571; x_wconf 88' lang='lat' dir='ltr'><strong>quando·</strong></span> 
     </span>
     <span class='ocr_line' id='line_1_34' title="bbox 445 3587 2637 3674; baseline -0.004 -19"><span class='ocrx_word' id='word_1_269' title='bbox 445 3595 686 3674; x_wconf 89' lang='lat' dir='ltr'><strong>quidem</strong></span> <span class='ocrx_word' id='word_1_270' title='bbox 712 3595 800 3654; x_wconf 90' lang='lat' dir='ltr'><strong>illi</strong></span> <span class='ocrx_word' id='word_1_271' title='bbox 845 3594 1008 3654; x_wconf 84' lang='lat' dir='ltr'><strong>varia</strong></span> <span class='ocrx_word' id='word_1_272' title='bbox 1049 3592 1330 3673; x_wconf 75' lang='lat' dir='ltr'><strong>quaedam</strong></span> <span class='ocrx_word' id='word_1_273' title='bbox 1375 3592 1781 3654; x_wconf 86' lang='lat' dir='ltr'><strong>modulamina</strong></span> <span class='ocrx_word' id='word_1_274' title='bbox 1806 3592 2233 3672; x_wconf 88' lang='lat' dir='ltr'><strong>temperabant,</strong></span> <span class='ocrx_word' id='word_1_275' title='bbox 2258 3607 2393 3667; x_wconf 82' lang='lat' dir='ltr'><strong>quse</strong></span> <span class='ocrx_word' id='word_1_276' title='bbox 2420 3587 2637 3672; x_wconf 80' lang='lat' dir='ltr'><strong>chorus</strong></span> 
     </span>
     <span class='ocr_line' id='line_1_35' title="bbox 446 3684 2634 3769; baseline -0.005 -18"><span class='ocrx_word' id='word_1_277' title='bbox 446 3689 696 3769; x_wconf 77' lang='lat' dir='ltr'><strong>singulis</strong></span> <span class='ocrx_word' id='word_1_278' title='bbox 727 3687 956 3748; x_wconf 85' lang='lat' dir='ltr'><strong>actibus</strong></span> <span class='ocrx_word' id='word_1_279' title='bbox 1003 3687 1412 3750; x_wconf 72' lang='lat' dir='ltr'><strong>inter-sinendo</strong></span> <span class='ocrx_word' id='word_1_280' title='bbox 1439 3688 1675 3767; x_wconf 88' lang='lat' dir='ltr'><strong>plebem</strong></span> <span class='ocrx_word' id='word_1_281' title='bbox 1728 3687 1857 3748; x_wconf 89' lang='lat' dir='ltr'><strong>sine</strong></span> <span class='ocrx_word' id='word_1_282' title='bbox 1900 3686 2102 3760; x_wconf 65' lang='lat' dir='ltr'><strong>tedio,</strong></span> <span class='ocrx_word' id='word_1_283' title='bbox 2146 3703 2457 3764; x_wconf 88' lang='lat' dir='ltr'><strong>quousque</strong></span> <span class='ocrx_word' id='word_1_284' title='bbox 2496 3684 2634 3746; x_wconf 84' lang='lat' dir='ltr'><strong>novi</strong></span> 
     </span>
     <span class='ocr_line' id='line_1_36' title="bbox 445 3779 2633 3866; baseline -0.005 -18"><span class='ocrx_word' id='word_1_285' title='bbox 445 3784 860 3866; x_wconf 82' lang='lat' dir='ltr'><strong>egrederentur</strong></span> <span class='ocrx_word' id='word_1_286' title='bbox 899 3779 1238 3856; x_wconf 73' lang='lat' dir='ltr'><strong>histriones,</strong></span> <span class='ocrx_word' id='word_1_287' title='bbox 1291 3782 1602 3846; x_wconf 87' lang='lat' dir='ltr'><strong>detineret.</strong></span> <span class='ocrx_word' id='word_1_288' title='bbox 1710 3783 1979 3863; x_wconf 83' lang='lat' dir='ltr'><strong>Populus</strong></span> <span class='ocrx_word' id='word_1_289' title='bbox 2026 3781 2183 3843; x_wconf 91' lang='lat' dir='ltr'><strong>enim</strong></span> <span class='ocrx_word' id='word_1_290' title='bbox 2234 3779 2633 3851; x_wconf 85' lang='lat' dir='ltr'><strong>Atheniensis,</strong></span> 
     </span>
     <span class='ocr_line' id='line_1_37' title="bbox 445 3873 2629 3962; baseline -0.005 -19"><span class='ocrx_word' id='word_1_291' title='bbox 445 3891 738 3962; x_wconf 88' lang='lat' dir='ltr'><strong>quatenus</strong></span> <span class='ocrx_word' id='word_1_292' title='bbox 785 3897 978 3938; x_wconf 88' lang='lat' dir='ltr'><strong>rerum</strong></span> <span class='ocrx_word' id='word_1_293' title='bbox 1024 3876 1294 3939; x_wconf 88' lang='lat' dir='ltr'><strong>dominus</strong></span> <span class='ocrx_word' id='word_1_294' title='bbox 1339 3881 1687 3954; x_wconf 86' lang='lat' dir='ltr'><strong>habebatur,</strong></span> <span class='ocrx_word' id='word_1_295' title='bbox 1728 3877 2047 3958; x_wconf 88' lang='lat' dir='ltr'><strong>quotannis</strong></span> <span class='ocrx_word' id='word_1_296' title='bbox 2097 3873 2323 3935; x_wconf 84' lang='lat' dir='ltr'><strong>AEdiles</strong></span> <span class='ocrx_word' id='word_1_297' title='bbox 2364 3875 2629 3946; x_wconf 87' lang='lat' dir='ltr'><strong>creabat,</strong></span> 
     </span>
     <span class='ocr_line' id='line_1_38' title="bbox 445 3969 2633 4058; baseline -0.005 -20"><span class='ocrx_word' id='word_1_298' title='bbox 445 3978 548 4058; x_wconf 88' lang='lat' dir='ltr'><strong>qui</strong></span> <span class='ocrx_word' id='word_1_299' title='bbox 593 3984 822 4038; x_wconf 89' lang='lat' dir='ltr'><strong>sumtus</strong></span> <span class='ocrx_word' id='word_1_300' title='bbox 860 3971 1090 4035; x_wconf 87' lang='lat' dir='ltr'><strong>alendis</strong></span> <span class='ocrx_word' id='word_1_301' title='bbox 1130 3993 1440 4054; x_wconf 85' lang='lat' dir='ltr'><strong>puerorum</strong></span> <span class='ocrx_word' id='word_1_302' title='bbox 1489 3975 1691 4037; x_wconf 89' lang='lat' dir='ltr'><strong>choris</strong></span> <span class='ocrx_word' id='word_1_303' title='bbox 1736 3974 2267 4036; x_wconf 87' lang='lat' dir='ltr'><strong>subministrarent.</strong></span> <span class='ocrx_word' id='word_1_304' title='bbox 2348 3969 2633 4028; x_wconf 84' lang='lat' dir='ltr'><strong>Ceterum</strong></span> 
     </span>
     <span class='ocr_line' id='line_1_39' title="bbox 447 4063 2635 4150; baseline -0.005 -16"><span class='ocrx_word' id='word_1_305' title='bbox 447 4075 662 4134; x_wconf 87' lang='lat' dir='ltr'><strong>chorus</strong></span> <span class='ocrx_word' id='word_1_306' title='bbox 689 4079 942 4150; x_wconf 87' lang='lat' dir='ltr'><strong>quatuor</strong></span> <span class='ocrx_word' id='word_1_307' title='bbox 965 4079 1030 4128; x_wconf 91' lang='lat' dir='ltr'><strong>et</strong></span> <span class='ocrx_word' id='word_1_308' title='bbox 1052 4068 1260 4147; x_wconf 74' lang='lat' dir='ltr'><strong>viginti</strong></span> <span class='ocrx_word' id='word_1_309' title='bbox 1287 4069 1448 4143; x_wconf 82' lang='lat' dir='ltr'><strong>viris,</strong></span> <span class='ocrx_word' id='word_1_310' title='bbox 1477 4071 1772 4150; x_wconf 84' lang='lat' dir='ltr'><strong>puerisve,</strong></span> <span class='ocrx_word' id='word_1_311' title='bbox 1812 4081 1915 4130; x_wconf 87' lang='lat' dir='ltr'><strong>aut</strong></span> <span class='ocrx_word' id='word_1_312' title='bbox 1943 4067 2198 4128; x_wconf 85' lang='lat' dir='ltr'><strong>foeminis</strong></span> <span class='ocrx_word' id='word_1_313' title='bbox 2221 4063 2635 4135; x_wconf 80' lang='lat' dir='ltr'><strong>instruebatur,</strong></span> 
     </span>
     <span class='ocr_line' id='line_1_40' title="bbox 451 4159 2635 4248; baseline -0.005 -18"><span class='ocrx_word' id='word_1_314' title='bbox 451 4171 604 4232; x_wconf 83' lang='lat' dir='ltr'><strong>sicut</strong></span> <span class='ocrx_word' id='word_1_315' title='bbox 630 4166 1055 4247; x_wconf 87' lang='lat' dir='ltr'><strong>Aristophanes</strong></span> <span class='ocrx_word' id='word_1_316' title='bbox 1083 4165 1144 4224; x_wconf 87' lang='lat' dir='ltr'><strong>in</strong></span> <span class='ocrx_word' id='word_1_317' title='bbox 1173 4165 1398 4228; x_wconf 82' lang='lat' dir='ltr'><strong>Avibus</strong></span> <span class='ocrx_word' id='word_1_318' title='bbox 1428 4167 1659 4229; x_wconf 88' lang='lat' dir='ltr'><strong>Fabula</strong></span> <span class='ocrx_word' id='word_1_319' title='bbox 1684 4174 1973 4228; x_wconf 82' lang='lat' dir='ltr'><strong>numerat.</strong></span> <span class='ocrx_word' id='word_1_320' title='bbox 2056 4162 2119 4223; x_wconf 88' lang='lat' dir='ltr'><strong>Si</strong></span> <span class='ocrx_word' id='word_1_321' title='bbox 2146 4179 2285 4222; x_wconf 80' lang='lat' dir='ltr'><strong>vero</strong></span> <span class='ocrx_word' id='word_1_322' title='bbox 2309 4159 2635 4248; x_wconf 86' lang='lat' dir='ltr'><strong>promiscue</strong></span> 
     </span>
    </p>
   </div>
  </div>
 </body>
</html>
