3234 4934
978 433 1073 481 os
1120 434 1426 483 comeus
1474 434 2104 487 omausiomsus.
2507 424 2638 488 143

447 577 494 635 si
532 577 837 637 eximatur.
922 576 1087 645 Quid
1128 578 1284 637 enim
1328 588 1509 651 esset,
1552 583 1571 613 4
1590 579 1847 639 enimero
1867 578 1912 637 2’
1953 578 2074 639 Sed
2121 596 2303 639 unam
2343 580 2634 659 syllabam

442 672 647 743 fuisse,
691 678 709 706 ‘
732 674 928 746 enim,'
966 692 1103 734 cum
1131 674 1353 735 vellent
1398 674 1682 734 arbitror:
1725 674 2021 754 siquidem
2070 672 2346 736 Graecum
2395 678 2502 736 fuit
2546 680 2634 751 ἢν,

444 774 557 839 frvi.
610 773 693 829 At
718 770 889 848 quasi
917 789 1025 849 pro
1052 780 1419 833 consonante
1442 790 1743 852 accepere,
1765 783 1832 831 ut
1851 772 2239 846 ostendimus,
2262 774 2323 831 in
2353 780 2368 808 4
2389 773 2637 844 Stellio:

448 873 465 899 ⁸
486 865 747 935 invidia,'
787 872 804 901 4
823 865 1079 945 injuria.'
1158 866 1336 935 Quod
1368 866 1419 926 si
1451 866 1547 926 cui
1585 868 1764 947 paulo
1793 868 2054 946 asperior
2080 868 2348 927 videatur
2374 886 2638 948 pronun-

442 962 650 1029 tiatio;
692 960 744 1020 is
772 980 891 1021 non
920 962 1202 1035 meminit,
1238 981 1312 1021 ea
1350 962 1597 1033 ratione,
1641 962 1808 1022 ‘cui’
1845 982 1978 1024 esse
2021 963 2534 1043 monosyllabum:
2577 976 2639 1027 et

444 1065 460 1093 ‘
487 1050 759 1137 Pompei'
786 1058 1179 1139 disyllabum:
1222 1068 1286 1119 et
1311 1064 1329 1092 4
1351 1058 1496 1119 Cai'
1526 1058 2020 1139 monosyllabum,
2047 1070 2109 1121 et
2135 1066 2152 1095 ‘
2177 1060 2280 1121 hui
2303 1060 2340 1121 τ’
2367 1071 2450 1133 et,
2475 1060 2637 1139 quod

440 1154 697 1213 omnium
749 1152 1129 1213 durissimum
1180 1165 1293 1227 est,
1338 1160 1357 1187 4
1380 1153 1561 1215 huic.'
1641 1154 2212 1217 Proceleusmaticos
2257 1168 2456 1217 autem
2508 1155 2638 1214 aliis

442 1249 675 1310 duobus
704 1250 969 1311 versibus
998 1250 1463 1311 animadvertere
1490 1250 1756 1329 quidam,
1783 1262 2032 1331 utroque
2053 1272 2128 1312 ex
2143 1252 2402 1313 Andriae
2433 1258 2450 1287 4
2473 1250 2640 1311 Mala

443 1364 635 1417 mens,
658 1344 851 1406 malus
880 1346 1111 1405 animus
1135 1366 1153 1406 ε
1194 1365 1369 1425 quem
1398 1346 1636 1425 quidem
1665 1334 1782 1427 εὲο
1810 1348 1862 1407 si
1901 1350 2184 1409 sensero-²
2262 1357 2279 1384 4
2297 1348 2430 1408 Tibi
2457 1368 2638 1427 gene·

440 1458 569 1501 rum
596 1442 845 1515 firmum,
888 1452 947 1502 et
996 1442 1133 1503 filiae
1158 1443 1421 1503 invenies
1448 1443 1678 1503 virum!
1759 1446 1850 1505 Ac
1895 1444 1972 1504 de
2015 1445 2206 1524 priore
2249 1444 2488 1523 quidem
2517 1462 2638 1503 non

442 1548 539 1599 est
585 1537 1059 1617 disceptandum.
1142 1538 1211 1597 ln
1262 1540 1589 1618 posteriore
1637 1551 1834 1602 autem
1879 1541 2110 1602 mollior
2159 1551 2289 1601 est:
2331 1550 2642 1620 propterea

444 1633 607 1712 quod
634 1634 863 1713 antiqui
890 1634 1261 1714 pronomina,
1291 1642 1307 1670 ‘
1330 1636 1449 1709 mi,’
1486 1647 1548 1696 et
1588 1643 1606 1671 4
1627 1636 1713 1710 ti,'
1739 1636 2149 1718 monosyllaba
2175 1636 2641 1715 pronuntiabant

446 1730 521 1789 ab
550 1729 927 1792 AEolensibus
951 1740 1220 1810 accepta,
1246 1734 1365 1810 μοὶ,
1394 1735 1517 1792 rol:
1560 1740 1648 1805 tu,
1675 1730 1780 1793 ni:
1809 1734 1894 1805 τὲ,
1923 1743 2002 1792 te.
2080 1732 2182 1791 Sic
2209 1732 2362 1792 enim
2391 1730 2451 1789 in
2483 1731 2640 1791 Gur-

445 1827 685 1905 gulione
714 1826 1123 1908 accipiendum
1150 1836 1279 1888 est:
1322 1835 1339 1861 4
1360 1828 1584 1888 Curato
1610 1847 1628 1887 ε
1667 1846 1784 1907 ego
1809 1829 1914 1889 tibi
1941 1828 2104 1907 quod
2149 1846 2334 1901 amas,
2367 1827 2494 1905 jam
2523 1826 2638 1885 huc

445 1921 785 1983 adducam!
864 1928 881 1957 ‘
904 1923 1035 1983 Tibi
1054 1924 1069 1949 '
1112 1922 1697 2001 proceleusmaticum
1743 1923 1842 1983 hie
1885 1942 2122 2003 quoque
2163 1924 2404 1993 facient,
2447 1940 2642 1999 nequo

448 2019 746 2079 errabunt.
854 2017 989 2077 Hoc
1036 2026 1267 2076 tantum
1314 2018 1660 2096 agebamus,
1713 2028 1780 2077 ut
1823 2019 2184 2098 intelligeres
2231 2017 2641 2079 secundiorem

446 2113 669 2173 fluxum
695 2131 899 2173 earum
926 2112 1285 2193 syllabarum
1330 2111 1409 2171 ad
1458 2113 2070 2192 proceleusmaticum,
2119 2132 2362 2192 quarum
2405 2111 2544 2170 duee
2577 2110 2640 2169 in

446 2228 625 2271 unam
652 2208 841 2287 redigi
875 2218 1055 2287 atque
1085 2208 1421 2269 coalescere
1464 2209 1716 2289 possint.
1803 2210 1896 2269 De
1939 2210 2156 2271 cretico
2201 2218 2418 2279 autem,
2461 2224 2640 2286 quem

445 2306 543 2366 isti
570 2306 727 2365 omni
756 2315 975 2365 conatu
1023 2304 1453 2384 subterfugere,
1500 2305 1768 2384 pluribus
1797 2306 2120 2366 rationibus
2149 2314 2326 2385 atque
2355 2302 2642 2382 exemplis

446 2414 541 2463 est
568 2401 1013 2481 disputandum.
1069 2401 1246 2473 Nam,
1276 2401 1326 2460 si
1353 2400 1411 2460 in
1442 2400 1742 2461 heroicum
1771 2401 2119 2473 admittitur,
2147 2402 2196 2461 si
2225 2402 2284 2459 in
2304 2399 2642 2478 Tragoedia,

450 2498 614 2579 quod
638 2509 733 2559 est
756 2499 973 2577 poema
1002 2497 1249 2571 clarum,
1296 2496 1514 2570 nobile,
1556 2498 1802 2568 elatum,
1847 2508 2099 2571 castum,
2141 2496 2337 2557 locum
2374 2496 2637 2562 invenit;

448 2612 629 2673 quare
671 2593 733 2651 in
781 2591 1041 2653 medium
1086 2612 1159 2652 ac
1198 2591 1507 2671 vulgatum
1548 2610 1882 2652 sermonem
1931 2610 2051 2653 non
2095 2590 2449 2672 recipiatur?
2533 2591 2643 2649 Est

448 2693 629 2773 igitur
652 2689 815 2771 apud
862 2690 1145 2750 Poetam:
1187 2695 1205 2723 4
1230 2690 1308 2749 Et
1354 2688 1708 2768 naufragum
1754 2688 2190 2769 Scyllacoeum.’
2273 2688 2494 2749 Dicent
2519 2707 2639 2747 non

446 2789 631 2852 fuisse
656 2785 1031 2849 emendatum
1059 2786 1287 2846 librum.
1370 2786 1453 2844 At
1476 2785 1619 2846 Vari
1649 2797 1710 2845 et
1735 2786 1952 2846 Tuccae
1988 2785 2216 2864 judicio
2261 2783 2640 2845 emendatum

448 2884 561 2945 fuit
587 2884 723 2945 hoc.
808 2885 888 2943 At
908 2894 1003 2943 est
1028 2882 1089 2941 in
1118 2881 1603 2941 emendatissimo
1648 2880 1794 2941 libro
1839 2880 2199 2959 Georgicon,
2250 2880 2413 2959 quod
2463 2898 2644 2959 supra

448 2978 807 3039 adduximus
828 2996 847 3035 ι
890 2984 907 3011 4
932 2977 1163 3047 Stellio,
1203 2987 1267 3036 et
1310 2976 1630 3053 lucifugis.’
1709 2977 1792 3035 At
1833 2986 1928 3035 est
1970 2976 2268 3055 Euripidae
2311 2994 2447 3035 cum
2485 2974 2644 3046 alibi,

449 3086 577 3135 tum
602 3074 663 3134 in
696 3072 947 3133 Hecuba
963 3093 982 3132 ι
1020 3070 1193 3131 Δνοῖν
1218 3070 1285 3130 δὲ
1310 3069 1538 3131 παίδοιν
1562 3069 1662 3129 δύο
1687 3075 1856 3147 νεκρὼ
1884 3071 2210 3146 κατόψεται.
2265 3070 2416 3127 Cum
2445 3080 2644 3127 tamen

449 3170 645 3232 dicere
670 3170 967 3251 potuisset
986 3190 1005 3229 ι
1045 3167 1277 3229 παίδοιν
1320 3167 1501 3227 δυοῖν.
1582 3166 1794 3245 Itaque
1841 3184 1952 3227 nos
1990 3184 2226 3245 quoque
2274 3166 2332 3223 in
2383 3163 2644 3237 Nemesi‚

450 3267 782 3328 studuimus
827 3266 1123 3347 gravitati,
1172 3277 1234 3326 et
1276 3265 1549 3325 auribus:
1592 3270 1611 3299 4
1637 3262 1770 3323 Heu
1808 3281 1999 3343 genus
2027 3260 2386 3321 nefandum!
2467 3260 2644 3331 Nam,

451 3364 680 3442 abjecta
714 3362 1139 3443 intetjectione,
1182 3360 1505 3439 exsanguis
1548 3358 1738 3419 oratio
1784 3368 1915 3419 est:
1957 3358 2098 3417 item
2141 3356 2188 3416 si
2231 3355 2418 3427 dicas,
2462 3363 2479 3391 ‘
2507 3356 2645 3415 Heu

451 3478 599 3538 gens
628 3458 929 3521 nefanda!
1012 3460 1091 3518 Et
1116 3458 1233 3518 alio
1260 3458 1393 3517 loco
1430 3457 1758 3535 posuimus,
1799 3462 1818 3489 4
1843 3453 2082 3514 sinistra
2105 3453 2143 3512 ε’
2187 3452 2478 3531 potuisset
2503 3452 2644 3525 dici,

452 3562 469 3589 ‘
492 3556 726 3615 scaeva!
791 3554 913 3615 Sed
940 3555 1147 3636 paucis
1174 3573 1347 3614 aures
1376 3554 1625 3633 poeticae
1653 3551 1812 3611 datoe
1839 3560 2000 3611 sunt.
2071 3548 2391 3621 Proeterea,
2421 3548 2472 3607 si
2499 3547 2644 3608 dac-

454 3650 613 3729 tylus
642 3660 703 3710 et
728 3662 1067 3729 anapoestns
1094 3650 1154 3709 in
1182 3651 1361 3711 iambi
1388 3652 1519 3711 loca
1550 3647 1782 3710 suffecti
1810 3657 1972 3718 sunt,
1998 3662 2252 3725 quorum
2277 3644 2498 3704 utervis
2521 3662 2646 3703 una

450 3744 619 3807 illum
647 3756 709 3805 et
733 3746 964 3826 syllaba
988 3756 1051 3806 et
1074 3756 1337 3826 tempore
1366 3755 1692 3825 superaret,
1731 3762 1914 3823 quare
1939 3760 2070 3804 eam
2097 3740 2395 3801 licentiam
2423 3758 2646 3797 sermo-

452 3841 543 3901 nis
570 3840 781 3901 eadem
808 3840 1032 3921 puritas
1057 3860 1177 3899 non
1205 3840 1467 3918 coiigerit
1490 3841 1750 3918 recipere
1779 3837 2070 3918 quasdam
2095 3854 2298 3907 voces,
2341 3835 2398 3892 in
2427 3834 2646 3913 qulbus

453 3946 616 3999 esset
640 3934 937 3999 creticus?
984 3936 1309 4017 praesertim
1338 3954 1471 3997 cum
1500 3954 1535 3995 e
1562 3936 1728 4015 puris
1755 3934 1986 3995 creticis
2015 3933 2242 4012 aliquot
2267 3950 2472 3991 versus
2499 3948 2646 3988 con-

454 4045 635 4094 stent.
698 4033 1017 4105 Proeterea,
1039 4052 1113 4093 ea
1140 4033 1400 4105 nomina,
1426 4034 1746 4110 verbaque,
1775 4032 1964 4105 Deus,
1991 4030 2144 4099 dies,
2171 4027 2303 4097 fuit,
2333 4042 2484 4095 mea,
2513 4043 2648 4099 sua,

452 4140 579 4201 tua,
604 4149 677 4189 eo
704 4128 1021 4209 pertinent,
1066 4138 1154 4200 nt,
1198 4148 1333 4188 cum
1360 4127 1768 4189 collectionem
1799 4128 1858 4187 in
1889 4146 2068 4187 unam
2098 4121 2388 4202 syllabam
2413 4121 2646 4201 patian-

458 4233 571 4297 tur,
600 4224 857 4287 doceant
884 4244 995 4287 nos
1020 4226 1079 4284 in
1110 4224 1329 4285 cretico
1356 4224 1511 4285 idem
1538 4242 1776 4302 quoque
1805 4224 1930 4283 fieri
1957 4238 2159 4301 posse,
2185 4226 2256 4277 ut
2274 4218 2648 4278 emolliantur
