3234 4934
1337 437 1755 486 PRAEFATlo.
2552 425 2637 492 21

443 578 708 644 tandem
737 577 808 642 in
839 578 1046 642 tribus
1077 579 1408 662 prioribus
1441 577 1819 646 Comoediis
1846 599 2178 664 expressa
2204 601 2637 666 personarum

443 681 765 756 omnium,
793 699 946 762 qnae
977 679 1510 757 introducuntur,
1540 681 1733 746 initio
1758 702 1953 747 novae
1986 703 2209 752 scenae
2238 704 2637 752 commemo-

440 783 656 860 ratio;
699 781 771 844 in
800 781 1012 846 tribus
1041 782 1216 846 enim
1247 782 1733 865 posterioribus
1766 804 1895 850 una
1923 791 2174 850 tautum
2204 804 2519 869 persona,
2553 807 2637 854 ea

439 883 729 960 scilicet,
758 902 911 966 quoe
935 885 1152 966 prima
1177 884 1493 968 loquitur,
1541 886 1941 955 nominatur.
2034 887 2109 952 Iu
2147 887 2402 954 Andria
2431 889 2633 954 inter-

439 984 597 1052 dum
623 984 843 1068 prima
869 1003 1096 1050 scenae
1140 987 1320 1052 linea
1363 988 1570 1052 minio
1626 990 1765 1054 sive
1807 990 2002 1056 rubro
2048 989 2275 1056 colore
2318 989 2633 1056 distincta

443 1091 570 1152 est.

523 1189 784 1254 Textus
809 1188 1114 1254 inclusus
1133 1194 1240 1254 est
1265 1190 1439 1254 binis
1466 1189 1664 1255 lineis
1688 1192 1775 1256 ab
1806 1199 2089 1276 utroque
2118 1191 2321 1256 latere
2356 1209 2633 1276 perpen-

435 1289 870 1354 dicularibus.
955 1289 1150 1356 Binae
1177 1291 1374 1356 lineae
1405 1308 1683 1376 superne
1730 1292 1947 1360 ductoe
1994 1294 2187 1358 initio
2218 1301 2451 1358 textus
2482 1296 2630 1360 toti-

433 1390 722 1475 demque
780 1392 958 1458 insra
1003 1413 1123 1477 per
1180 1399 1392 1459 totum
1442 1396 1849 1460 membranae
1907 1397 2201 1478 spatium
2258 1394 2626 1462 decurrunt.

435 1491 692 1558 Ceterae
721 1499 914 1561 extra
943 1495 1242 1578 spatium
1291 1503 1519 1563 textus
1564 1516 1696 1562 non
1722 1503 2063 1579 vagantur.
2152 1495 2399 1561 Omnes
2428 1497 2624 1564 lineae

432 1595 622 1678 stylo
655 1596 878 1662 ductoe
909 1604 1085 1676 suut,
1106 1599 1292 1664 nullo
1324 1599 1616 1664 adhibito
1640 1600 1891 1675 colore,
1931 1599 2225 1683 stylique
2256 1600 2422 1662 satis
2447 1600 2631 1666 acuti

429 1700 788 1783 ipsamque
843 1701 1288 1766 membranam
1339 1703 1696 1770 incidentis
1739 1705 2091 1786 supersunt
2127 1701 2412 1783 vestigia
2455 1705 2626 1768 satis

427 1802 640 1868 clara.
731 1802 1035 1886 Singulae
1085 1806 1352 1888 paginae
1397 1808 1767 1872 consistunt
1811 1821 2069 1870 xxvu.
2115 1805 2336 1884 lineis,
2376 1806 2623 1891 quibus

431 1911 659 1968 textus
683 1907 1006 1970 continuo
1033 1908 1180 1972 sive
1202 1927 1340 1974 uua
1361 1908 1530 1972 serie
1552 1908 1915 1991 inscriptus
1947 1915 2077 1972 est.
2162 1907 2623 1974 Atramentum

427 2023 558 2068 non
585 2005 868 2088 nigrum,
891 2007 1012 2072 sed
1039 2007 1290 2072 flavum
1319 2015 1390 2074 et
1409 2009 1752 2092 pallidum.
1842 2007 2225 2087 character,
2246 2029 2382 2092 quo
2405 2011 2625 2076 codex

425 2116 752 2174 exaratus
795 2115 922 2187 est,
961 2111 1374 2176 minusculus
1421 2118 1683 2176 erectus
1722 2110 1961 2174 soeculi
2006 2111 2249 2176 decimi
2279 2111 2383 2175 vel
2410 2112 2622 2176 uude-

426 2209 608 2288 cimi,
640 2219 1085 2295 praeterquam
1115 2213 1298 2296 quod
1326 2213 1657 2279 interdum
1692 2231 1822 2275 nou
1850 2211 2067 2278 solum
2094 2212 2379 2294 singulae
2405 2213 2621 2278 literae'

424 2314 722 2380 unciales
745 2322 920 2391 sunt,
945 2313 1068 2380 sed
1099 2315 1352 2398 passim
1380 2334 1586 2380 voces
1613 2319 1681 2380 et
1696 2315 1969 2398 integrae
1984 2313 2181 2380 lineae
2196 2313 2441 2380 iisdem
2462 2334 2623 2380 con-

424 2421 604 2480 stant
629 2415 848 2480 literis
879 2417 1276 2482 uncialibus.
1363 2415 1745 2482 Occurrunt
1774 2416 1878 2480 hae
1900 2415 2105 2482 literae
2138 2416 2209 2480 in
2242 2416 2619 2482 nominibus

423 2535 892 2602 personarum,
919 2537 1074 2602 quae
1101 2518 1526 2584 sermonibus
1555 2517 2009 2600 praefiguntur,
2042 2517 2284 2582 deinde
2310 2519 2381 2582 in
2407 2517 2618 2601 epilo-

423 2637 514 2701 go
548 2617 634 2683 ad
675 2619 932 2684 calcem
965 2619 1486 2696 Comoediarum‚
1543 2619 1810 2684 tandem
1856 2619 2045 2685 initio
2094 2620 2467 2701 argumenti
2508 2621 2618 2686 vel

423 2721 704 2807 prologi.
789 2720 954 2786 Tria
1003 2729 1221 2789 autem
1267 2721 1625 2787 uncialium
1664 2740 1914 2805 genera
1940 2721 2259 2804 distingui
2286 2727 2615 2805 possunt3

419 2824 712 2907 primum
741 2843 1090 2890 commuue
1131 2831 1203 2890 et
1245 2830 1645 2888 consuetum
1670 2827 1811 2901 est;
1856 2821 2249 2900 secundum,
2290 2823 2467 2907 quod
2510 2841 2615 2887 re·

421 2927 762 2991 centiores
789 2927 1210 3011 diplomatici
1237 2927 1629 3010 scripturam
1662 2925 2022 3008 capitalem
2045 2929 2311 3002 vocant,
2341 2923 2614 3008 conspi-

419 3027 594 3092 citur
609 3027 680 3090 in
701 3027 908 3092 literis
937 3047 1280 3093 scenarum
1325 3026 1740 3103 initialibus3
1778 3025 1956 3088 tertii
1999 3025 2429 3107 paucissimae
2460 3032 2616 3090 sunt

415 3128 652 3206 literae,
683 3128 856 3194 ultra
883 3135 1275 3196 consuetum
1293 3126 1566 3193 modum
1588 3125 1897 3210 grandes,
1936 3132 2006 3191 et
2034 3125 2237 3191 variis
2268 3143 2615 3191 oruamen-

417 3232 504 3295 tis
529 3231 802 3309 cinctae,
831 3231 1090 3296 scilicet
1115 3229 1406 3295 initiales
1437 3229 1672 3312 primae
1706 3245 1925 3292 scenae
1965 3227 2031 3291 in
2084 3247 2208 3292 sex
2238 3225 2612 3294 Comoediis

417 3339 490 3396 et
514 3332 710 3398 litera
738 3333 802 3396 Τ
829 3333 1028 3398 initio
1069 3333 1271 3398 totius
1315 3333 1485 3396 libri.
1573 3331 1657 3396 In
1701 3329 1912 3398 literis
1958 3330 2333 3396 uncialibus
2374 3327 2491 3395 VS
2538 3332 2611 3396 in

415 3454 613 3500 unam
641 3433 926 3516 figuram
953 3435 1298 3512 coalescit,
1349 3440 1424 3499 ut
1469 3434 1518 3498 S
1567 3451 1773 3517 supra
1822 3432 2125 3496 dextrum
2168 3449 2369 3496 cornu
2398 3432 2609 3500 literae

415 3535 486 3600 V
513 3539 802 3621 positum
835 3537 950 3603 sit.

503 3639 1014 3706 Abbreviaturae
1043 3637 1188 3703 sive
1227 3635 1625 3722 compendia
1652 3633 2001 3712 scribendi,
2024 3635 2181 3700 licet
2204 3653 2339 3700 non
2366 3635 2607 3714 desint,

413 3747 640 3806 tamen
667 3758 884 3824 neque
905 3745 1166 3805 textum
1196 3739 1395 3804 valde
1444 3745 1744 3815 onerant,
1781 3756 1999 3820 neque
2042 3737 2422 3820 sequiorem
2454 3757 2607 3820 pro-

413 3842 580 3908 dunt
607 3848 900 3908 aetatem.
989 3841 1066 3906 si
1103 3861 1258 3908 cum
1301 3840 1528 3906 multis
1557 3838 1717 3917 illis,
1748 3857 1903 3924 quae
1942 3838 2025 3903 cl.
2060 3837 2375 3904 Mannert
2403 3835 2607 3923 (Mis-

415 3943 551 4010 cell.
575 3944 750 4008 meist
779 3940 1216 4029 diplomatisch
1249 3939 1490 4010 Inhalts
1519 3962 1589 4026 p.
1615 3939 1763 4026 42.)
1790 3941 1909 4006 aeri
1935 3938 2293 4005 incidenda
2329 3942 2605 4019 curavit,

413 4054 910 4131 comparantur,
965 4064 1313 4130 perpauca
1369 4063 1522 4109 esse
1578 4042 1790 4109 dices.
1876 4040 2173 4108 Afferam
2222 4061 2311 4106 ex
2358 4042 2603 4110 tabulis

411 4147 898 4214 Mannertianis
925 4145 1455 4223 abbreviaturas,
1501 4147 1562 4211 si
1607 4164 1741 4210 nou
1771 4163 2024 4220 omnes,
2052 4148 2269 4207 tamen
2298 4161 2603 4226 maguam

411 4258 674 4334 partem
712 4268 966 4328 earum,
1008 4267 1180 4336 quas
1219 4249 1290 4316 in
1322 4247 1560 4318 codice
1602 4247 1891 4316 Halensi
1914 4243 2363 4328 deprehendi;
2406 4264 2464 4310 e.
2507 4264 2602 4330 gr.
