3234 4934
616 416 745 485 146.
1212 424 1483 475 :unius
1530 420 1788 473 cassa
1833 421 1968 472 scs.
1981 420 2206 470 hiena

619 573 697 633 ris
726 546 939 633 vetusti
981 568 1201 647 cupida
1248 570 1421 628 sum!
1503 569 1702 647 Atque
1743 567 1910 625 initio
1955 562 2192 643 quidem
2221 560 2486 623 ,arbitror
2511 560 2803 619 vocalium

620 668 949 729 tenuiorum
976 664 1219 726 mollitie
1261 664 1506 737 factum,
1550 674 1619 723 ut
1647 662 1912 724 subirent
1937 658 2122 739 pedes
2157 656 2332 717 alieni
2359 678 2374 717 :
2417 658 2502 717 sic
2533 656 2807 726 dicimus,

620 768 792 845 χρεὼ,
822 759 1183 833 Πηληϊάδεω,
1210 764 1441 833 πόλεως,
1479 762 1706 819 πλέως
1750 766 1818 816 ut
1861 755 2169 815 bacchium
2211 753 2386 813 etiam
2412 752 2805 831 receperimus

621 859 723 919 illo
752 876 961 917 versu:
1024 864 1041 892 ‘
1066 857 1144 916 Et
1189 855 1393 915 loeveis
1436 873 1642 915 ocreas
1689 851 1852 912 lento
1896 849 2124 910 ducunt
2169 849 2452 927 argento?
2530 848 2612 906 At
2647 848 2806 907 hunc

620 972 851 1015 versum
900 952 1285 1034 spondaicum
1330 959 1501 1030 putat
1528 947 1849 1009 Diomedes
1895 946 1984 1005 vir
2027 945 2278 1005 doctus:
2337 963 2456 1003 non
2505 944 2655 1003 male
2680 963 2697 1002 :
2739 956 2809 1003 ut

626 1050 855 1111 mollior
898 1048 1120 1111 vocalis
1167 1049 1377 1109 subeat
1422 1046 1741 1106 fortiorem.
1854 1044 1952 1103 Sic
1999 1042 2278 1101 creticum
2331 1040 2702 1118 interposuit,
2745 1050 2810 1098 ut

624 1145 975 1226 spondaeum
1005 1145 1225 1205 faceret
1250 1143 1310 1201 in
1338 1143 1535 1215 verbo,
1565 1160 1762 1202 aureo.
1845 1137 2024 1208 Quod
2063 1138 2112 1197 si
2157 1137 2218 1195 in
2254 1135 2568 1215 Tragoedia
2609 1134 2810 1197 cretici

628 1250 787 1313 sunt,
830 1241 890 1301 in
918 1240 1168 1301 heroicis
1197 1237 1478 1299 bacchius
1507 1248 1569 1297 et
1596 1234 2020 1305 antibacchius,
2067 1243 2135 1293 ut
2160 1245 2390 1294 taceam
2417 1242 2808 1311 anapaestum‚

624 1346 750 1395 tum
781 1335 1044 1408 Homeri,
1070 1336 1275 1413 Βορέης
1298 1333 1546 1414 Ζέφυρός
1570 1352 1673 1393 re:
1717 1342 1843 1392 tum
1874 1329 2120 1409 Virgilii,
2148 1336 2166 1364 ⁴
2189 1328 2520 1389 Fluviorum
2549 1348 2652 1388 rex
2682 1328 2809 1386 Eri-

628 1430 821 1491 danus
840 1430 875 1490 τ’
915 1449 1035 1490 non
1063 1430 1337 1490 videntur
1362 1429 1549 1488 fuisse
1576 1437 1669 1487 tot
1705 1436 1970 1487 monstra
2013 1424 2368 1496 necessaria,
2394 1434 2540 1503 quot
2567 1423 2662 1483 isti
2689 1422 2815 1483 exi-

626 1526 858 1588 mendis
878 1525 1183 1585 elementis
1203 1532 1498 1597 crearunt,
1520 1523 1605 1595 in,
1627 1520 1898 1600 quidem:
1941 1520 2024 1592 in,
2049 1519 2240 1586 sicut:
2277 1519 2360 1588 in,
2391 1518 2604 1589 simul:
2635 1530 2814 1598 atque

628 1622 790 1683 aliis:
852 1640 1043 1711 neque
1072 1618 1474 1681 excludendas
1516 1618 1786 1697 integras·
1831 1616 2012 1675 fuisse
2043 1632 2244 1686 voces,
2275 1624 2380 1675 aut
2405 1614 2553 1675 alias
2583 1616 2814 1694 spurias

628 1716 899 1797 ingenuis
922 1716 1364 1796 supponendas,
1394 1713 1556 1793 quod
1584 1714 1799 1773 fecisse
1827 1713 2106 1771 Erasmus
2133 1720 2196 1771 et
2223 1728 2400 1789 supra
2425 1710 2814 1781 ostendimus,

626 1823 689 1875 et
713 1833 785 1875 ex
811 1812 905 1872 his
931 1821 1113 1890 patet.
1175 1811 1327 1870 Nam
1357 1810 1419 1869 in
1443 1808 1754 1883 Eunucho,
1774 1807 2134 1887 despectam,
2152 1807 2386 1886 posuit:
2431 1805 2816 1885 despicatam,

628 1907 898 1969 sustulit:
930 1912 947 1941 ‘
968 1906 1206 1967 Habeat
1228 1906 1614 1986 despicatam,
1635 1916 1695 1965 et
1714 1924 1852 1983 quoe
1873 1922 1982 1963 uos
2006 1922 2236 1982 semper
2255 1902 2530 1963 omnibus
2552 1903 2820 1964 cruciant

630 2002 868 2065 modis.'
923 2004 1107 2063 Auxit
1142 2004 1319 2062 etiam
1345 2020 1598 2062 errorem
1626 2001 1742 2060 alia
1769 1998 1966 2078 culpa,
1987 2019 2123 2059 cum
2150 2018 2226 2059 ex
2244 1998 2452 2059 eadem
2473 1998 2672 2059 fabula
2693 2018 2821 2058 ver-

630 2119 763 2161 sum
798 2099 970 2180 fingit
984 2120 1055 2161 ex
1082 2100 1240 2178 putis
1268 2098 1542 2161 creticis:
1583 2104 1599 2132 ‘
1625 2097 1854 2159 Siccine
1875 2096 2047 2176 agis?
2079 2096 2214 2175 quis
2239 2106 2304 2155 tu
2332 2096 2508 2157 homo
2535 2094 2647 2155 es?
2674 2092 2820 2175 quid

636 2196 742 2256 tibi
784 2196 918 2256 vis?
984 2194 1128 2273 quid
1170 2214 1305 2255 cum
1354 2194 1458 2255 illa
1504 2194 1584 2254 rei
1616 2194 1722 2255 tibi
1763 2205 1856 2254 est
1876 2192 1902 2250 2
1925 2193 1939 2217 '
2009 2193 2202 2261 Quem
2261 2202 2456 2253 tamen
2505 2193 2818 2252 iambicum

630 2288 981 2371 quadratum
1008 2308 1323 2368 agnoscas.
1409 2288 1547 2349 Pari
1585 2288 1933 2348 infelicitate
1961 2297 2023 2347 et
2047 2286 2211 2373 illum
2238 2306 2312 2347 ex
2339 2286 2564 2347 Andria
2589 2286 2822 2346 creticis

630 2385 944 2457 conclusit,
993 2385 1095 2463 qui
1132 2393 1294 2443 esset
1336 2384 1605 2443 senarius
1653 2382 1916 2462 integer:
1960 2388 1976 2416 ‘
2003 2381 2072 2440 In
2101 2379 2454 2461 denegando
2484 2381 2663 2441 modo
2689 2381 2821 2460 quis

630 2478 823 2558 pudor
848 2487 945 2539 est
985 2477 1333 2559 paululum,’
1382 2479 1664 2539 restituta
1691 2497 1948 2558 namque
1995 2498 2099 2558 per
2136 2478 2362 2537 initium
2392 2477 2823 2557 praepositione,

631 2593 810 2655 quam
834 2574 936 2634 ille
963 2574 1134 2635 nimis
1163 2574 1527 2636 confidenter
1568 2575 1890 2635 sustulerat
1915 2576 1972 2635 in
2001 2575 2208 2655 prioris
2235 2575 2431 2651 finem,
2469 2574 2643 2653 tolles
2665 2575 2824 2636 illius

633 2679 695 2731 et
718 2689 993 2743 errorem,
1020 2679 1079 2731 et
1104 2670 1454 2732 audaciam:
1486 2671 1662 2731 simul
1690 2670 2096 2750 deprehendes
2125 2690 2386 2732 crassam
2408 2672 2682 2751 culpam:
2724 2672 2826 2751 qui

630 2765 914 2827 creticum
940 2784 1013 2827 ex
1038 2767 1224 2827 tribus
1252 2768 1497 2828 vocibus
1544 2767 1884 2829 confectum
1911 2767 1978 2828 iri
2008 2768 2264 2847 speravit
2289 2767 2428 2841 illis,
2465 2768 2600 2848 quis
2629 2767 2825 2846 pudor

635 2872 747 2925 est.
826 2864 1047 2924 Verum
1088 2863 1190 2924 ille
1214 2863 1301 2924 vir
1343 2865 1630 2925 curiosior
1675 2864 1854 2945 paulo
1895 2865 2007 2925 fuit
2050 2862 2436 2925 emendandis
2467 2863 2822 2923 auctoribus.

639 2957 793 3019 Nam
822 2966 885 3019 et
908 2957 1067 3039 apud
1099 2959 1425 3021 Senecam:
1468 2968 1486 2995 ‘
1512 2961 1732 3020 Arcum
1776 2959 2034 3021 intensio
2060 2960 2300 3040 frangit,
2335 2958 2595 3019 animum
2622 2958 2828 3020 remis-

639 3053 763 3113 sio:
786 3055 803 3081 ’
844 3074 977 3117 eum
1006 3053 1087 3115 ibi
1114 3053 1265 3115 dixit
1288 3075 1422 3116 esse
1448 3056 1748 3117 inversum
1767 3056 2077 3127 senarium,
2095 3066 2271 3134 atque
2298 3056 2426 3134 ipse
2454 3055 2542 3116 sic
2555 3055 2829 3115 invertit:

636 3157 655 3187 ⁸
676 3152 973 3213 Remissio
1001 3151 1260 3212 animum
1284 3151 1525 3231 frangit,
1554 3171 1756 3211 arcum
1779 3151 2075 3210 intensio.'
2161 3150 2424 3210 Dixisset
2448 3151 2832 3225 commodius,

638 3247 801 3327 quod
828 3247 907 3307 ad
948 3246 1133 3325 pedes
1182 3246 1413 3320 attinet,
1464 3246 1551 3307 sic
1576 3246 1698 3325 legi
1746 3265 1964 3325 posse:
2023 3265 2203 3317 nunc,
2230 3266 2366 3306 cum
2417 3248 2833 3309 necessitatem

639 3342 827 3415 affert,
854 3361 1096 3403 causam
1122 3360 1289 3403 suam
1308 3343 1455 3403 facit
1479 3341 1844 3403 deteriorem.
1918 3341 2072 3401 Nam
2099 3352 2161 3402 et
2188 3342 2274 3403 sic
2303 3342 2569 3402 senarius
2599 3354 2731 3403 est:
2773 3354 2835 3405 et

639 3438 699 3498 in
728 3438 857 3499 aliis
884 3439 1045 3520 apud
1064 3438 1319 3499 eundem
1340 3452 1639 3499 auctorem
1668 3438 1913 3499 senariis
1941 3457 2062 3498 non
2089 3440 2434 3499 observatas
2454 3440 2644 3520 magis
2669 3440 2834 3519 leges

640 3536 962 3616 intelligas,
988 3556 1167 3616 quam
1194 3536 1257 3595 in
1283 3535 1552 3596 Comoedi
1563 3539 1613 3597 is
1651 3545 1756 3596 aut
1784 3536 1917 3596 aliis
1947 3536 2210 3609 Fabulis,
2239 3534 2400 3597 unde
2429 3536 2528 3597 ille
2557 3548 2830 3599 sumeret.

642 3630 823 3701 Quod
846 3632 899 3691 si
926 3631 1117 3691 acrius
1144 3632 1563 3711 contemplere,
1590 3632 1769 3711 longe
1791 3631 2135 3693 concinnior
2157 3632 2450 3693 sententia
2475 3643 2606 3694 est:
2651 3653 2830 3714 quam

640 3726 932 3787 deformat
976 3726 1075 3793 ille
1118 3727 1447 3796 inversione
1494 3746 1626 3787 sua.
1712 3727 1869 3789 Nam
1897 3730 2212 3801 sententia,
2239 3730 2474 3791 tametsi
2517 3730 2826 3811 aequaliter

644 3821 721 3882 de
748 3840 911 3895 nou,
938 3832 996 3881 et
1024 3820 1101 3881 de
1130 3823 1347 3895 animo,
1392 3823 1737 3901 pronuntiat
1775 3844 1880 3903 per
1908 3824 2221 3895 contraria,
2248 3835 2448 3884 tamen
2473 3824 2605 3884 vult
2631 3842 2834 3884 arcum

638 3918 857 3979 referre
884 3915 961 3976 ad
992 3916 1269 3991 animum,
1309 3918 1589 3996 quoniam
1638 3918 1715 3979 de
1765 3920 1961 3979 animo
2008 3919 2218 3998 quaerit
2265 3928 2542 3980 statuere.
2624 3919 2836 3998 Itaque

644 4032 763 4075 non
795 4013 871 4072 ab
896 4030 969 4072 eo
994 4011 1273 4090 incipere,
1299 4012 1410 4072 sed
1438 4014 1497 4072 in
1528 4033 1601 4074 eo
1629 4015 1983 4075 sententiam
2011 4016 2320 4076 terminare
2343 4016 2636 4093 oportuit:
2679 4034 2834 4095 proe-

648 4108 845 4167 sertim
893 4126 1028 4169 curn
1074 4116 1286 4186 praeter
1312 4110 1782 4189 expectationem
1828 4111 1902 4171 de
1939 4112 2132 4171 animo
2163 4110 2398 4170 sentiat.
2482 4110 2642 4169 Nihil
2681 4112 2838 4171 enim

652 4204 883 4283 mirum,
934 4203 1269 4265 intensione
1310 4220 1529 4277 arcum,
1580 4215 1644 4265 at
1681 4206 1890 4267 mirum
1937 4206 2280 4268 remissione
2329 4206 2588 4265 animum
2625 4206 2838 4287 frangi.
