3234 4934
1315 471 1326 478 .
1373 439 1795 501 rnAErmto.
2596 431 2683 499 29

481 601 662 667 pere,
727 579 1122 649 varietatem
1171 583 1482 648 lectionis
1533 593 1867 663 annotare,
1936 592 2487 654 commentatores
2518 590 2682 656 lau·

489 684 668 750 dare.
755 683 840 748 In
867 684 1212 750 volumine
1235 686 1394 752 olim
1423 705 1466 750 a
1491 706 1599 750 me
1648 687 1940 768 perlecto
1982 695 2055 752 et
2096 687 2456 773 descripto,
2500 693 2685 774 quod

483 786 572 853 ab
600 785 1018 868 Imperatore
1049 783 1332 850 Octavio
1363 784 1673 869 Angusto
1698 787 1965 870 incipit,
2006 789 2161 854 loca
2194 799 2427 860 extant
2468 793 2687 858 multa

487 886 804 970 decerpta
832 906 924 952 ex
961 886 1201 970 poetis,
1243 897 1324 952 ut
1371 888 1731 971 scriptores
1780 891 2133 971 prosaicos
2162 893 2487 971 omittam,
2519 893 2683 960 Ovi·-

485 989 624 1067 dio,
653 989 919 1064 Persio,
949 989 1250 1066 Lucano,
1281 991 1524 1068 Statio,
1549 990 1891 1070 Juvenali,
1924 991 2319 1072 Claudiano,
2362 1013 2501 1059 uua
2530 1011 2683 1061 cum

484 1091 694 1156 variis
720 1090 1124 1156 lectionibus
1153 1109 1236 1156 ac
1268 1092 1554 1175 glossis3
1597 1111 1811 1176 neque
1854 1091 2077 1171 aliam,
2106 1093 2330 1171 credo,
2359 1097 2682 1160 rationem

482 1190 634 1258 iniit
657 1192 726 1256 in
755 1192 1204 1258 voluminibus
1233 1192 1791 1276 praecedentibus,
1822 1213 1973 1277 ques
2002 1193 2291 1260 fortasse
2320 1197 2580 1262 alicubi
2608 1199 2681 1262 in

483 1291 902 1357 Bibliotheca
930 1293 1038 1357 vel
1063 1292 1362 1359 Archivo
1391 1291 1879 1377 Guestphalico
1912 1294 2135 1360 latent.

569 1390 754 1473 Quid
779 1394 839 1458 si
879 1394 1054 1460 idem
1096 1395 1240 1474 ille,
1285 1394 1402 1478 qui
1431 1395 1732 1460 codicem
1760 1395 2137 1480 descripsit,
2180 1397 2383 1462 etiam
2412 1401 2679 1467 notulas

486 1493 742 1578 adjecit
759 1497 790 1560 'l
873 1495 1036 1562 Hoc
1065 1497 1226 1561 mihi
1255 1493 1412 1560 iude
1440 1496 1791 1579 probabile
1818 1505 1946 1576 est,
1991 1500 2147 1582 quia
2176 1517 2493 1580 mag-num
2520 1519 2681 1567 con-

485 1614 750 1660 sensum
779 1605 1003 1662 textus
1025 1617 1178 1664 cum
1209 1599 1384 1664 notis
1415 1598 1625 1662 etiam
1652 1597 1809 1664 istis
1839 1600 2039 1676 locis,
2078 1601 2196 1664 ubi
2226 1606 2455 1666 textus
2480 1603 2679 1669 salsoe

481 1697 791 1762 lectionis
823 1701 1010 1781 argui
1041 1707 1298 1783 potest,
1329 1701 1779 1784 deprehendi3
1824 1721 1880 1766 e.
1909 1722 1973 1784 g.
2006 1702 2093 1767 ad
2124 1703 2515 1770 mendosam
2544 1706 2681 1771 lec·-

481 1801 738 1866 tionem
779 1799 1072 1886 pradicto
1117 1803 1327 1868 Andr.
1375 1819 1426 1867 ι.
1475 1803 1538 1868 1.
1582 1803 1691 1869 19.
1738 1809 2014 1868 notatur
2056 1823 2209 1868 esse
2254 1807 2525 1872 verbum
2554 1807 2680 1871 fre-

481 1901 979 1984 quentativum3
1023 1905 1184 1969 ibid.
1233 1920 1282 1969 1.
1321 1904 1388 1970 2.
1419 1904 1527 1968 21.
1572 1904 1968 1969 scholiastes
1998 1906 2155 1988 cepit
2197 1905 2501 1971 confudit
2527 1925 2681 1974 cum

481 2003 700 2086 caepit.-
742 2023 950 2087 quare
975 2004 1046 2069 iu
1075 2013 1236 2070 nota
1263 2003 1530 2070 addidit
1573 2009 1594 2040 ⁶
1618 2004 1928 2072 baberez’
1970 2007 2135 2071 ibid.
2190 2023 2309 2070 ιιι.
2352 2009 2417 2072 2.
2461 2009 2569 2074 2⁷.
2610 2011 2682 2074 in

482 2109 674 2168 textu
719 2103 957 2184 legitur
999 2104 1178 2168 citius
1221 2125 1339 2189 pro
1387 2104 1598 2184 secius,
1660 2107 1806 2170 sine
1856 2107 2067 2171 dubio
2114 2125 2407 2172 erronee.
2514 2109 2681 2187 Sed,

482 2223 863 2289 quanquam
892 2207 1138 2272 melior
1165 2207 1367 2272 lectio
1397 2207 1586 2270 secius
1623 2207 1695 2272 in
1730 2207 1859 2272 Ms.
1888 2214 2173 2288 notatur,
2202 2214 2425 2274 tamen
2450 2209 2683 2291 glossa

483 2311 504 2340 ‘
529 2307 832 2373 velocius
853 2307 872 2332 '
919 2308 1220 2391 explicat
1267 2308 1628 2373 lectionem
1678 2314 2057 2374 contextus..
2142 2309 2419 2374 Scholia
2466 2312 2682 2376 nostri

479 2407 744 2474 codicis
773 2411 1238 2476 commendant
1264 2429 1340 2475 se
1365 2412 1691 2476 brevitate
1720 2416 1791 2476 et
1820 2411 2328 2496 perspicuitate,
2368 2417 2566 2494 atque
2594 2415 2683 2478 ob

478 2510 602 2576 has
627 2511 908 2576 virtutes
935 2510 1266 2576 tironibus
1299 2511 1496 2576 utilia
1525 2531 1680 2576 esse
1711 2519 2030 2595 possunt,
2056 2531 2232 2592 cum,
2260 2531 2417 2598 quse
2455 2514 2686 2579 Dona»-

481 2618 592 2678 tus
621 2619 692 2678 et
717 2612 1144 2696 Eugraphius
1173 2613 1608 2696 scripserunt,
1656 2613 1831 2678 adeo
1858 2615 2132 2698 prolixa
2162 2618 2311 2694 sint,
2340 2620 2417 2679 ut
2442 2615 2682 2680 fortas-

483 2733 560 2778 se
589 2733 674 2778 ea
699 2713 1102 2781 eruditorum
1129 2714 1352 2778 nullus
1369 2733 1412 2780 a
1430 2716 1657 2799 capite
1680 2713 1767 2779 ad
1798 2715 2053 2780 calcem
2079 2716 2450 2800 perlegerit,
2466 2717 2681 2782 multo

479 2815 704 2883 minus
748 2813 1068 2899 juvenum
1123 2817 1387 2900 ingenio
1439 2822 1598 2901 apta
1644 2817 1802 2882 sint.
1904 2816 2167 2882 Deinde
2212 2816 2567 2882 afferuntur
2612 2819 2686 2881 in

479 2917 760 2986 scholiis
785 2921 1136 2999 lectiones,
1181 2940 1357 3003 quse,
1401 2919 1462 2984 si
1500 2919 1651 3004 jam
1676 2939 1759 2984 ex
1812 2919 1967 2984 aliis
2011 2918 2363 2985 codicibus
2406 2919 2681 3004 prolatoe

481 3021 756 3099 fuerint,
783 3022 890 3088 hic
921 3029 1134 3088 testes
1161 3022 1877 3086 nanciscunturnovos
1904 3028 1975 3084 et
2005 3037 2278 3101 graves;
2322 3021 2424 3082 sin
2444 3020 2685 3096 minus,

485 3139 748 3188 summa
771 3126 1138 3190 attentione
1167 3121 1669 3190 considerandae
1702 3129 1889 3200 sunt,
1922 3121 2083 3203 quia
2110 3137 2341 3184 omues
2369 3134 2684 3200 magnam

481 3225 950 3309 antiquitatem
993 3246 1136 3310 pree
1165 3242 1242 3290 se
1279 3226 1513 3290 serunt.
1601 3222 1921 3290 Varietas
1966 3221 2484 3299 distinctionum,
2527 3236 2685 3303 quse

482 3344 574 3392 ex
606 3325 735 3392 hoc
775 3328 1018 3391 codice
1069 3327 1210 3410 peti
1257 3333 1504 3410 potest,
1559 3325 1761 3409 plane
1798 3342 2045 3389 novum
2088 3323 2427 3390 varietatis
2473 3339 2685 3406 genus

483 3427 848 3506 coustituit,
892 3447 934 3492 a
961 3427 1388 3492 collatoribus
1415 3425 1576 3490 mihi
1602 3426 1781 3489 notis
1808 3424 2353 3507 praetermissum.

569 3525 838 3594 Glossae
863 3535 1206 3593 auctorem
1227 3525 1502 3592 natione
1533 3526 1779 3591 Italum
1806 3525 2077 3611 prodere
2103 3523 2424 3589 videntur.
2502 3523 2570 3588 N
2572 3543 2683 3588 am

486 3634 509 3664 ‘
533 3629 594 3694 si
615 3628 632 3653 ⁹
675 3633 932 3712 saepius
975 3629 1266 3694 usitatur
1311 3645 1403 3693 ex
1447 3647 1635 3692 more
1683 3626 1942 3692 Italicae
1983 3627 2171 3691 vocis
2214 3646 2275 3688 se
2324 3645 2453 3709 pro
2514 3631 2534 3664 ‘
2556 3626 2688 3704 au,’

489 3735 513 3766 ‘
535 3729 732 3795 num?
817 3729 986 3795 Cum
1016 3749 1172 3795 vero
1203 3728 1458 3794 codicis
1487 3727 1889 3810 scriptorem
1918 3726 2205 3791 eundem
2248 3743 2401 3790 esse
2452 3735 2686 3809 putem

485 3845 638 3898 cum
667 3832 1054 3908 scholiasta,
1099 3829 1320 3895 codex
1347 3829 1633 3894 fortasse
1661 3829 1729 3893 in
1752 3827 1963 3892 Italia
1985 3829 2275 3910 scriptus
2302 3833 2425 3890 est.

573 3931 781 4012 Quod
814 3934 907 4000 ad
950 3938 1200 3998 textum
1230 3933 1458 4016 ipsum
1486 3929 1801 4008 Terentii,
1828 3929 2049 4012 qualis
2075 3929 2143 3992 iu
2172 3929 2301 3994 hoc
2330 3927 2568 3992 codice
2592 3928 2686 3991 le-

484 4036 684 4119 gitur,
715 4035 978 4111 attinet,
1009 4033 1390 4117 saepissime
1422 4049 1577 4096 cum
1599 4029 1949 4097 codicibus
1974 4030 2152 4105 istis,
2179 4030 2317 4113 qui,
2338 4027 2687 4111 judicibus

483 4137 652 4202 viris
702 4136 1009 4214 summis,
1063 4132 1326 4198 Faiiruo
1375 4137 1446 4197 et
1488 4131 1821 4210 Bentleio,
1862 4131 2155 4215 palmam
2186 4129 2427 4194 ceteris
2456 4133 2686 4214 praeri-

493 4239 708 4321 piuut,
753 4237 1128 4316 consentit;
1169 4233 1354 4318 quod
1383 4233 1661 4300 cuilibet
1688 4230 1913 4300 Notas
1954 4238 2217 4298 nostras
2260 4233 2685 4314 percurrenti,
