3234 4934
623 438 755 505 182
1225 454 1663 505 :ononimus
1710 434 2209 509 causamme

517 601 526 610 ‘
621 615 753 676 pro,
781 615 980 657 senex.
1043 594 1317 677 AEdepol,
1343 596 1563 679 oedpol.
1624 596 1923 675 Virgines,
1952 598 2211 677 virgnes.
2282 598 2517 660 Semine
2542 600 2813 663 oriundi:

625 691 746 753 Sed
771 694 961 772 magis
1009 693 1368 765 universum,
1404 691 1564 772 apud
1594 692 1947 767 Lucretium,
1978 696 2193 757 Semne
2220 703 2281 756 et
2306 715 2641 757 unversum.
2712 696 2811 757 Sic

621 797 685 849 et
708 790 791 861 in,
841 798 1073 863 evenat,
1121 791 1334 851 extrita
1377 790 1399 848 i
1438 789 1609 850 litera
1636 790 1887 865 videtur,
1914 799 1983 851 ut
2008 792 2168 871 apud
2196 790 2473 866 Ennium,
2522 792 2809 856 referente

621 880 819 946 Nonio
847 904 863 944 :

780 996 976 1057 Senex
1003 996 1168 1069 siem,
1195 996 1422 1057 utinam
1445 1006 1692 1060 mortem
1720 1008 1996 1080 oppetam
2023 999 2365 1079 priusquam
2392 1010 2625 1061 evenat.

780 1090 959 1159 Quod
987 1091 1046 1150 in
1074 1092 1358 1172 pauperia
1381 1111 1515 1153 mea
1541 1112 1725 1153 senex
1753 1096 2001 1174 graviter
2028 1114 2281 1174 gemam.

620 1216 780 1286 Quin
800 1217 974 1278 etiam
999 1216 1250 1278 initiales
1271 1217 1531 1297 syllabas
1553 1219 1726 1297 quasi
1751 1221 2134 1282 absorbentes
2156 1222 2350 1282 minus
2374 1234 2809 1300 expresserunt.

618 1311 738 1373 Sed
767 1312 843 1372 ad
873 1313 1239 1372 extr-itionem
1269 1322 1646 1373 revertamur.
1731 1313 1981 1374 Delituit
2024 1316 2200 1397 igitur
2248 1317 2309 1375 in
2359 1317 2568 1377 Latina
2606 1318 2810 1399 lingua

618 1427 780 1490 saepe
807 1427 879 1470 ac
905 1409 1155 1468 multum
1183 1409 1241 1466 in
1272 1408 1746 1485 pronuntiatione
1774 1408 1944 1468 litera
1972 1430 2037 1469 s:

857 1519 1093 1578 Samnis
1121 1537 1366 1597 spurcus
1392 1517 1570 1578 homo
1595 1521 1717 1579 vita
1743 1518 1847 1578 illa
1867 1520 2085 1599 dig-nus
2112 1520 2381 1601 locoque.

857 1613 1130 1675 Formido
1155 1614 1300 1692 quid
1328 1632 1484 1693 ago:
1526 1614 1626 1688 da,
1653 1613 1882 1688 Venus,
1910 1614 2241 1676 consilium.

855 1707 1111 1769 Pandite
1137 1708 1308 1770 sultis
1336 1729 1545 1789 genas.

855 1804 1088 1867 Puncto
1115 1806 1396 1886 temporis
1424 1806 1696 1868 reddant.

617 1935 755 1994 Huc
780 1934 1089 1995 referenda
1127 1935 1232 1995 illa
1257 1954 1392 2013 quoe
1421 1954 1458 1994 a
1487 1935 1773 1996 Cicerone
1816 1946 2231 2009 memorantur,
2276 1936 2660 2010 multimodis,
2702 1958 2806 1998 va·

614 2031 962 2110 argenteis,
1006 2031 1208 2111 palpet
1254 2032 1513 2093 crinibus
1563 2032 1949 2093 tectifractis:
1992 2052 2119 2113 pro,
2166 2032 2368 2092 multis
2408 2032 2621 2105 modis,
2648 2036 2806 2093 vasis

614 2138 844 2206 argent.
872 2125 1086 2207 palmis
1117 2138 1178 2186 et
1201 2146 1285 2189 cr.
1313 2130 1486 2188 tectis
1531 2128 1605 2187 fr.
1690 2129 1767 2187 Et
1811 2128 1930 2187 illoe
1965 2132 2264 2205 συγκοπαὶ,
2294 2128 2619 2189 secundum
2653 2150 2803 2208 quas

613 2220 718 2281 tali
759 2231 823 2282 et
865 2221 962 2281 ala
1007 2223 1202 2281 extitit
1241 2222 1317 2281 de
1347 2221 1564 2283 taxillis
1591 2232 1653 2281 et
1681 2221 1896 2283 axilla:
1938 2232 1999 2281 et
2026 2241 2221 2283 meum
2248 2222 2489 2295 facturn,
2538 2222 2801 2293 exitium,

611 2336 739 2397 pro,
765 2336 1028 2377 meorum
1059 2319 1367 2387 factorum,
1408 2327 1470 2377 et
1516 2318 1856 2378 exitiorum:
1898 2338 2032 2396 quse
2080 2318 2139 2375 in
2185 2317 2539 2396 quibusdam
2565 2320 2802 2378 usitate

613 2412 934 2472 admodum
961 2413 1218 2486 fuerunt,
1257 2413 1472 2485 Deum,
1501 2432 1805 2473 nummum
1830 2432 2091 2485 aureum,
2118 2412 2383 2473 liberum.
2464 2412 2802 2481 Quinetiam

610 2506 860 2566 duorum
888 2507 1142 2566 virorum
1182 2507 1488 2585 judicium,
1531 2517 1638 2567 aut
1676 2507 1849 2567 trium
1878 2508 2125 2569 virorum
2154 2508 2516 2587 capitalium,
2565 2517 2670 2569 aut
2695 2510 2801 2569 de-

611 2622 738 2663 cem
770 2603 1022 2663 virorum
1065 2603 1263 2662 litibus
1301 2602 1666 2682 judicandis,
1715 2604 1798 2663 ait
1846 2624 1909 2664 se
1959 2604 2190 2677 Cicero,
2238 2604 2434 2664 dicere
2477 2623 2799 2684 nunquam,

610 2698 911 2776 quomodo
939 2698 1127 2778 erg-o?
1169 2699 1438 2760 nimirum
1470 2707 1945 2780 συγκεκομμένως,
1981 2700 2164 2761 duum
2189 2700 2400 2772 virum,
2426 2709 2489 2759 et
2513 2700 2687 2760 trium
2713 2704 2800 2763 vi-

609 2812 759 2865 rum,
787 2804 847 2853 et
877 2793 1080 2856 decem
1103 2797 1309 2857 virum.
1391 2798 1541 2857 Item
1589 2797 1721 2869 siet,
1766 2798 1863 2857 sit.
1947 2798 1997 2855 E
2044 2816 2163 2875 rep.
2214 2816 2343 2876 pro,
2394 2815 2506 2855 ex:
2546 2802 2799 2876 pomeri-

609 2887 820 2949 dianas
847 2890 1188 2970 quadrigas,
1232 2912 1360 2973 pr0,
1409 2892 1925 2971 postmeridianas.
2010 2892 2122 2951 His
2161 2890 2458 2951 addantur
2481 2893 2796 2958 ἀποκοπεὶς

609 2983 826 3056 viden',
874 2986 1010 3061 ain',
1061 2987 1256 3060 satin',
1305 2990 1478 3061 men’,
1525 2988 1765 3056 mihin'3
1810 2989 1884 3049 de
1927 2989 2141 3068 quibus
2188 2987 2517 3048 abscissum
2558 2999 2672 3065 est,
2698 3010 2797 3052 ne·

607 3080 782 3156 Exin,
812 3081 968 3157 dein,
996 3084 1186 3162 proin,
1216 3094 1540 3164 amputato,
1570 3082 1646 3143 de
1670 3104 1686 3143 ε
1729 3084 1932 3155 famul,
1962 3103 2088 3162 pre,
2112 3084 2391 3145 famulus.
2460 3087 2794 3149 Lucretius:

848 3206 1008 3266 Ossa
1035 3207 1175 3267 dedi
1201 3217 1374 3267 terrae
1402 3206 1648 3286 proinde
1678 3226 1747 3267 ac
1777 3207 1961 3266 famul
1986 3208 2220 3269 infimus
2248 3221 2425 3271 esset.

603 3333 822 3413 Volup,
852 3334 1092 3402 animal,
1119 3334 1451 3411 exemplam
1497 3332 1570 3392 de
1601 3333 1811 3413 quibus
1841 3334 2091 3393 recisum
2121 3345 2213 3395 est
2235 3356 2267 3395 e
2294 3358 2309 3397 :
2353 3337 2458 3412 illi,
2484 3360 2611 3420 pre,
2649 3343 2791 3406 illic.

601 3432 738 3491 Jam
766 3429 842 3490 de
869 3428 1254 3510 productione
1281 3439 1343 3488 et
1381 3429 1745 3507 correptione
1793 3429 2087 3490 vocalium
2128 3432 2315 3492 multa
2360 3432 2477 3494 dici
2520 3453 2789 3515 possent.

600 3526 761 3597 Fuit,
787 3526 909 3585 fleri
935 3546 951 3584 :
992 3533 1230 3587 extenta
1273 3526 1461 3604 priore
1489 3525 1738 3605 syllaba.
1825 3525 2111 3607 Inclytus,
2140 3538 2207 3587 ut
2234 3530 2315 3588 ait
2342 3530 2573 3606 Cicero,
2601 3536 2789 3614 prima

595 3618 781 3679 brevi.
864 3619 1202 3679 Secundum
1229 3620 1358 3679 haec
1389 3620 1538 3680 fiunt
1576 3620 1838 3680 mirificoe
1883 3622 2246 3698 collisioneS,
2284 3626 2581 3701 elisiones,
2608 3629 2789 3690 detri-

595 3714 812 3787 tiones,
841 3724 902 3775 et
927 3715 1480 3794 comprehensiones
1507 3715 1807 3775 literarum
1838 3734 1909 3777 ac
1938 3716 2315 3796 syllabarum,
2358 3732 2421 3782 et
2446 3728 2787 3803 pronuntia-

597 3811 759 3872 tione
783 3832 941 3884 vera,
981 3831 1156 3891 quam
1187 3831 1346 3892 soepe
1369 3831 1480 3873 nos
1509 3831 1630 3871 non
1668 3832 1984 3893 possumus
2014 3815 2366 3896 conjecturis
2395 3821 2611 3880 nostris
2640 3842 2783 3883 eon-

597 3908 787 3988 sequi,
836 3927 1039 3968 versus
1066 3906 1431 3988 procedunt:
1472 3908 1531 3967 in
1559 3909 1774 3987 quibus
1806 3909 2093 3990 scriptura
2120 3930 2239 3971 non
2268 3931 2418 3986 raro,
2458 3917 2783 3992 praesertim

594 4004 656 4062 in
686 4002 1013 4077 dilatando,
1040 4022 1315 4064 numeros
1345 4023 1466 4063 non
1492 4013 1708 4065 servat.
1792 4005 1911 4065 Sed
1940 4026 2099 4067 nunc
2128 4016 2189 4067 et
2213 4025 2435 4081 eorum,
2462 4006 2539 4067 de
2566 4012 2779 4089 quibus

593 4098 782 4158 multo
811 4100 1002 4161 minus
1030 4097 1304 4171 diximus,
1354 4116 1531 4178 quam
1572 4098 1692 4158 diei
1738 4101 2046 4180 potuisset,
2087 4110 2149 4161 et
2184 4112 2383 4162 tamen
2424 4104 2569 4164 satis
2596 4105 2781 4166 fuisse

595 4194 970 4255 manifestum
1011 4194 1291 4255 indicium
1336 4193 1586 4268 videtur,
1634 4195 1913 4257 Plautina
1938 4198 2207 4279 exempla
2233 4198 2579 4261 afferamus:
2614 4212 2675 4263 et
2697 4201 2785 4263 ita

591 4287 836 4351 tandem
859 4290 1014 4351 hanc
1040 4290 1212 4372 quasi
1235 4290 1897 4355 commentatiunculum
1924 4294 2194 4355 finiamus
2221 4313 2238 4356 ε
