3234 4934
662 428 790 491 210
1391 440 1855 490 rnanciscus
1904 440 2111 489 nans.
2186 434 2191 440 ·

663 601 781 657 tus„
810 598 901 647 est
930 588 1144 649 Plauto
1173 587 1467 665 frequens,
1487 585 1594 644 sed
1613 584 1773 663 apud
1800 584 2135 645 Terentium
2152 600 2466 663 nusquam.
2521 583 2649 645 Nec
2674 587 2844 647 omit·

662 683 904 741 tendum
937 694 1028 742 est
1055 682 1209 763 apud
1239 681 1574 741 Terentium
1605 679 1791 739 Andr.
1825 698 1916 739 ιν.
1955 683 2008 739 1.
2034 682 2129 740 14.
2154 700 2337 739 unum
2361 700 2491 740 esse
2518 682 2846 761 exemplum

661 778 942 837 trochaici
989 780 1305 839 tetrametri
1347 776 1862 857 brachycatalecti,
1890 777 1985 836 cui
2015 776 2242 837 scilicet
2269 777 2495 855 integer
2532 795 2637 857 pes
2668 778 2842 837 deest

665 874 740 932 ad
773 884 1168 935 tetrametrum
1191 872 1627 953 complendum.

861 1001 980 1050 Non
1007 1008 1362 1049 verentur-:2
1397 998 1504 1049 illic
1527 998 1612 1048 uhi
1636 998 1937 1063 nihilnopns
1960 1004 2083 1060 est·,
2116 997 2187 1048 ibi
2210 1004 2536 1049 vezrentur.

662 1109 772 1167 His
804 1109 877 1168 de
907 1110 1205 1171 trochaico
1233 1129 1450 1187 genere
1477 1109 1674 1181 dictis,
1715 1111 1775 1168 in
1818 1129 1938 1188 quo
1972 1110 2158 1170 lector
2188 1111 2409 1171 nullam
2438 1111 2845 1171 difficultatem

663 1207 878 1265 sentiet
903 1206 1003 1284 qui
1027 1206 1158 1265 haec
1185 1204 1456 1283 exempla
1482 1207 1665 1283 probe
1710 1215 1893 1277 tenet,
1934 1206 2045 1265 nisi
2096 1224 2231 1283 quoe
2262 1226 2335 1265 ex
2364 1206 2617 1265 licentiis
2644 1207 2845 1278 oritur,

661 1300 947 1379 siquidem
995 1300 1234 1360 metrice
1277 1300 1472 1378 legere
1515 1299 1787 1377 expedite
1830 1310 2030 1378 queat,
2072 1300 2305 1359 omissis
2352 1300 2535 1361 literis
2580 1320 2715 1381 quoe
2744 1320 2847 1380 per

663 1397 1066 1476 synaloepham
1095 1395 1427 1464 eliduntur;
1472 1406 1709 1455 transeo
1739 1395 1815 1454 ad
1854 1396 2168 1455 iambicum
2198 1416 2407 1474 genus,
2448 1414 2567 1474 quo
2594 1396 2845 1457 maxime

659 1492 884 1551 Comici
911 1500 1134 1551 veteres
1163 1500 1428 1561 utuntur,
1457 1500 1523 1549 ut
1549 1490 1803 1551 sermoni
1832 1500 1895 1549 et
1920 1490 2094 1549 rebus
2124 1490 2367 1568 agendis
2398 1491 2655 1549 omnium
2684 1509 2847 1551 com-

659 1587 1018 1646 modissimo.
1105 1587 1196 1646 De
1225 1586 1338 1646 hoc
1371 1597 1568 1646 autem
1597 1605 1810 1664 genere
1840 1585 2147 1645 sciendum
2175 1596 2287 1657 est,
2330 1586 2492 1663 quod
2520 1586 2579 1646 in
2608 1586 2845 1666 paribus

659 1681 805 1741 locis
833 1681 1043 1759 pedem
1073 1681 1236 1741 illum
1264 1681 1542 1759 postulet,
1587 1680 1747 1740 unde
1797 1680 1907 1759 ipsi
1954 1698 2165 1739 nomen
2196 1690 2309 1739 est.
2394 1674 2589 1758 Atque
2632 1680 2747 1741 hoc
2774 1700 2846 1741 ex

657 1777 788 1854 ipsa
814 1796 1018 1836 versus
1045 1776 1274 1835 iambici
1305 1787 1514 1836 natura
1539 1776 1795 1854 profluit,
1837 1795 1973 1833 cum
2003 1794 2038 1834 a
2065 1774 2364 1835 trochaico
2393 1775 2705 1848 derivetur,
2744 1776 2847 1854 qui

657 1872 942 1931 iambicus
983 1871 1070 1942 fit,
1113 1871 1163 1929 si
1198 1871 1482 1949 principio
1513 1870 1800 1949 syllabam
1829 1870 1917 1929 vel
1950 1870 2307 1949 semipedem
2338 1888 2638 1950 apponas;
2683 1870 2847 1949 quod

657 1968 976 2046 cogitatum
1007 1968 1117 2025 etsi
1145 1968 1436 2026 neminem
1465 1967 1666 2045 fugere
1712 1967 2020 2046 potuisset,
2064 1967 2115 2025 si
2161 1966 2236 2027 de
2282 1966 2583 2026 trochaico
2633 1985 2843 2045 genere

656 2064 739 2121 rei
769 2062 1022 2122 metricae
1051 2062 1362 2143 scriptores
1390 2064 1639 2140 primum
1681 2082 1854 2141 agere
1896 2062 2235 2143 coepissent,
2278 2062 2477 2121 nescio
2522 2074 2719 2120 tamen
2768 2080 2845 2121 an

655 2157 929 2235 cuiquam
957 2158 1018 2217 in
1069 2167 1324 2217 mentem
1355 2158 1576 2216 venerit
1603 2166 1741 2215 ante
1772 2156 2020 2216 doctiss·
2053 2156 2385 2216 Bentleium
2414 2170 2701 2217 nostrum.
2783 2157 2843 2216 Is

655 2261 814 2310 certe
844 2251 1062 2330 primus
1091 2249 1153 2309 id
1187 2270 1282 2309 me
1331 2250 1688 2308 summonuit
1732 2260 1869 2307 ante
1912 2269 2100 2309 annos
2127 2251 2483 2329 complureS,
2510 2269 2664 2321 cum,
2692 2252 2843 2312 inter

651 2346 813 2405 vario
841 2364 1106 2405 sermone
1134 2342 1656 2415 confabulandum,
1690 2344 1764 2402 de
1793 2344 2047 2403 Terentii
2076 2345 2339 2403 versibus
2371 2346 2519 2405 forte
2548 2348 2728 2405 verba
2756 2348 2847 2406 fa·

655 2452 832 2507 cei-et,
874 2458 1066 2518 pauca
1115 2438 1371 2518 quidem,
1415 2437 1520 2498 sed
1564 2458 1700 2517 quae
1740 2438 1964 2499 homini
2008 2460 2127 2501 non
2175 2461 2416 2522 prorsus
2445 2444 2672 2523 ἀμούσῳ
2701 2443 2847 2502 satis

657 2545 874 2594 essent.
959 2535 1091 2593 Hoc
1119 2545 1316 2593 autem
1344 2546 1517 2613 pacto
1547 2534 1779 2615 syllaba
1804 2536 2023 2609 brevis,
2064 2556 2198 2614 quse
2243 2538 2303 2596 in
2344 2537 2644 2597 trochaico
2672 2557 2847 2597 versu

657 2627 920 2687 secunda
946 2629 1075 2702 fuit,
1116 2631 1176 2688 in
1224 2630 1475 2690 iambico
1503 2631 1733 2691 tertiam
1762 2630 1967 2692 sedem
1996 2632 2345 2712 occupabit;
2388 2632 2431 2691 i.
2460 2652 2516 2692 e.
2548 2632 2846 2693 secundus

657 2743 762 2802 pes
791 2725 902 2785 erit
925 2726 1174 2799 iambuS,
1217 2740 1393 2804 atque
1419 2726 1503 2787 ita
1539 2746 1709 2805 porro
1760 2728 1819 2787 in
1862 2730 2075 2789 ceteris
2104 2729 2345 2809 paribus
2371 2728 2539 2789 locis.
2624 2727 2744 2788 Sed
2772 2748 2846 2789 ea

657 2830 880 2880 veteres
911 2820 1135 2879 Comici
1165 2822 1258 2879 usi
1286 2830 1426 2881 sunt
1465 2820 1725 2895 licentia,
1767 2833 1834 2883 ut
1874 2824 1935 2882 in
1972 2825 2133 2883 omni
2160 2824 2305 2884 sede
2332 2836 2547 2903 praeter
2576 2823 2843 2883 ultimam

657 2916 1003 2993 spondaeum
1033 2917 1125 2975 vel
1155 2916 1438 2996 spondaeo
1466 2936 1667 2997 parem
1695 2918 2037 2999 reciperent,
2082 2918 2239 2978 unde
2284 2920 2549 2997 exsurgit
2592 2937 2708 2978 non
2736 2919 2847 2977 mi-

657 3031 764 3070 nor
795 3023 1108 3072 metrorum
1153 3012 1214 3071 in
1258 3012 1372 3073 hoc
1401 3033 1613 3091 genere
1640 3014 1968 3094 congeries,
2010 3034 2187 3092 quam
2214 3034 2349 3093 quae
2378 3033 2568 3093 genus
2594 3014 2845 3075 trochai-

653 3129 786 3168 cum
835 3108 1200 3186 ingreditur:
1261 3108 1368 3169 sed
1417 3111 1490 3167 ab
1541 3110 1655 3169 hac
1708 3130 1862 3168 nova
1912 3110 2131 3187 pedum
2180 3110 2639 3189 compositorum
2690 3109 2843 3167 mole

651 3202 836 3259 lector
885 3203 1244 3275 liberabitur,
1287 3223 1420 3261 cum
1470 3204 1805 3281 perspiciet,
1862 3204 2161 3281 quomodo
2210 3224 2413 3263 versus
2468 3205 2753 3264 iambicus
2810 3224 2847 3262 a

651 3296 950 3355 trochaico
995 3298 1339 3356 deducatur.
1421 3298 1730 3357 Trochaici
1776 3300 2091 3359 tetrametri
2138 3300 2471 3359 catalectici
2514 3300 2847 3379 exemplum

652 3392 766 3451 hoc
792 3401 918 3449 erat
945 3409 959 3448 :

911 3501 1765 3554 Phormi-onemzPhormi·onem
1785 3516 1801 3567 Ι
1821 3504 2529 3556 Phormi·onem=Phormio.

650 3614 902 3691 Appone
931 3613 1220 3693 syllabam
1248 3614 1557 3696 principio,
1585 3626 1648 3677 et
1686 3636 1759 3676 ex
1786 3617 1900 3678 hoc
1926 3636 2101 3677 versu
2128 3619 2232 3677 fiet
2256 3618 2537 3677 iambicus
2569 3626 2843 3677 tetrame-

649 3717 740 3768 ter
768 3710 1130 3770 acatalectus
1156 3730 1171 3768 τ

909 3836 1049 3885 Proh
1075 3836 1449 3900 Phormionem,
1482 3837 1864 3900 Phormionem,
1896 3838 2276 3905 Phormionem,
2308 3840 2579 3891 Phormio:

651 3950 811 4028 quod
841 3950 900 4007 in
931 3961 1117 4011 metra
1144 3951 1396 4010 iambica
1422 3952 1761 4012 distinctum
1793 3953 1946 4013 hanc
1975 3953 2219 4013 formam
2246 3952 2487 4012 induet:

778 4078 918 4127 Proh
939 4077 1377 4126 Plror-mioznem
1400 4078 1847 4129 Phor-mioznem
1871 4079 2317 4130 Phor-mioznem
2344 4079 2644 4128 Phor-mio:

651 4209 769 4265 quo
817 4190 960 4249 nihil
1007 4191 1408 4259 invenustius;
1471 4193 1561 4251 sin
1605 4191 1916 4270 syllabam,
1960 4212 2138 4271 quam
2184 4191 2469 4271 principio
2498 4189 2837 4261 addideras,

652 4283 879 4363 virgula
909 4288 1178 4363 apposita
1221 4307 1257 4346 a
1285 4288 1667 4365 sequentibus
1698 4287 2035 4360 abscindas,
2084 4298 2287 4360 metra,
2336 4307 2472 4367 quae
2502 4298 2838 4368 supersunt»
