3234 4934
576 357 620 422 8
1467 371 1879 420 nummo.

579 520 758 596 mihi,
796 519 958 583 licet
1003 519 1224 581 cetera
1264 515 1681 598 elegantioris
1726 515 2111 594 literaturae,
2159 519 2420 584 videtur
2450 518 2760 600 CriticuS,

581 641 780 705 quam
811 639 936 703 par
962 625 1090 696 est,
1121 625 1189 682 et
1217 618 1376 700 plus
1399 637 1600 701 aequo
1622 637 1930 682 morosus
1952 616 2403 699 AristarchuS‚
2430 623 2766 706 planeque

580 722 1074 798 immisericors,
1105 720 1336 786 delens
1363 726 1564 803 atque
1593 739 1983 803 expungens
2026 739 2157 785 non
2190 723 2337 806 jam
2380 725 2589 788 vo'ces
2618 725 2766 788 rer-

583 843 838 907 susque
869 823 1187 906 singuloS,
1227 823 1346 888 sed
1382 823 1675 906 integras
1726 823 1985 887 Scen'as
2036 825 2131 889 ita
2158 829 2399 889 notans
2430 825 2653 903 obelo,
2700 825 2767 890 et

573 927 956 1000 decussatis
980 926 1202 1004 lineis,
1224 927 1292 989 in
1313 926 1454 1005 illo,
1473 947 1608 1012 quo
1632 928 1995 1006 usus'sum,
2027 927 2279 995 Codice
2306 931 2768 1016 perstringenS,

583 1031 689 1096 uti
739 1030 812 1092 in
869 1027 1180 1110 Editione
1243 1028 1665 1094 Boecletiana
1706 1035 2075 1095 transverso
2114 1030 2465 1096 illinendas
2503 1034 2767 1098 calamo

587 1137 834 1199 censet.
925 1131 1272 1196 Boeclerus
1305 1150 1464 1196 vero
1494 1151 1649 1196 cum
1677 1132 2008 1214 praeclara
2038 1130 2254 1198 multa
2282 1133 2669 1212 habet‚-tum
2698 1133 2767 1197 in

588 1233 872 1298 artificio
907 1232 1184 1298 Comieo
1227 1234 1692 1318 investigando
1738 1242 1811 1299 et
1842 1235 2203 1318 aperiendo
2234 1240 2477 1319 regnat.
2566 1235 2769 1316 Quod

589 1335 676 1401 de
705 1335 974 1418 Guyeto
1013 1334 1182 1412 dixi,
1209 1336 1270 1400 is
1302 1338 1390 1400 ob
1425 1337 1701 1400 nimiam
1723 1337 2062 1402 licentiam
2090 1339 2326 1402 merito
2368 1339 2456 1402 ab
2492 1331 2771 1419 Elegan-

575 1437 852 1502 ·tissima
885 1437 1175 1501 Daceria
1201 1438 1498 1520 yapulat,
1529 1437 1617 1501 ad
1639 1437 1913 1504 Phorm.
1958 1456 2022 1501 ν.
2068 1439 2132 1503 7.
2174 1438 2279 1504 29.
2328 1437 2335 1444 “
2368 1439 2593 1520 Digna
2612 1433 2772 1502 'sunt

591 1538 1036 1603 Doctissimae
1063 1537 1278 1603 Annae
1314 1541 1520 1604 verba
1563 1558 1719 1623 quae
1766 1543 2386 1605 commemorentur.
2473 1539 2581 1604 Ita
2612 1540 2771 1604 illa:

593 1643 613 1671 ‘
635 1639 770 1704 Ces
790 1639 958 1703 trois
987 1639 1318 1706 dernieres
1341 1641 1592 1705 Scenes
1617 1646 1771 1706 sont
1782 1642 2111 1724 peut-&tre
2136 1643 2238 1706 les
2268 1643 2418 1725 plus
2448 1642 2659 1706 belles
2688 1637 2773 1704 de

591 1746 734 1805 tout
756 1741 820 1804 le
851 1741 1235 1805 Phormion.
1325 1739 1715 1824 Gependant
1744 1742 1842 1806 M.
1874 1741 2105 1825 Guyet
2130 1743 2271 1807 leur
2292 1763 2334 1808 a
2356 1740 2627 1806 declar&
2643 1759 2775 1806 une

593 1845 654 1907 si
699 1843 944 1908 crnelle'
982 1861 1233 1925 guerre,
1279 1841 1442 1925 qu'il
1489 1843 1587 1906 les
1617 1843 1958 1908 retranche
1988 1852 2131 1909 tout
2176 1843 2327 1909 d’un
2370 1863 2564 1926 coup,
2610 1861 2775 1908 sans

588 1945 754 2008 faire
783 1945 1078 2027 quartier
1106 1941 1150 2007 a
1179 1963 1270 2008 un
1300 1944 1446 2008 seul
1491 1963 1657 2007 vers.
1748 1943 1855 2008 On
1900 1964 1987 2008 ne
2026 1951 2187 2026 peut
2234 1945 2644 2030 s'em'pecher
2684 1941 2775 2009 ‘de

592 2047 756 2124 dire,
803 2066 934 2129 que
973 2045 1140 2110 c’est
1171 2044 1243 2110 la
1291 2066 1380 2111 un
1427 2043 1679 2128 degofit
1725 2045 1879 2110 d'nn
1922 2047 2187 2112 homme
2216 2047 2503 2124 malade,
2534 2047 2773 2131 plutot,

591 2168 724 2231 que
751 2147 900 2211 d’nn
929 2147 1228 2231 Critique
1243 2146 1597 2231 judicieux
1628 2152 1697 2212 et
1716 2147 2007 2213 delicat?

601 2287 610 2296 ·
680 2247 888 2328 Quod
919 2249 986 2312 in
1021 2249 1617 2313 Observationibus
1648 2251 1945 2313 maxime·
1971 2249 2057 2313 ad
2090 2250 2431 2314 Donatum
2464 2249 2775 2333 frequens

592 2352 784 2416 vides
813 2349 1178 2413 Abrahami
1203 2348 1543 2431 Wielingii
1571 2367 1834 2425 nomen,
1862 2348 2065 2432 hujus
2080 2349 2245 2412 mihi
2269 2348 2777 2416 Consultissimi

593 2449 1142 2532 Amicissimique
1167 2448 1318 2514 Viri
1349 2451 1428 2512 in
1453 2450 1723 2514 Donato
1774 2451 2115 2514 sexcentis
2160 2451 2420 2515 mendis
2465 2452 2689 2516 obsito
2726 2463 2775 2515 ‘e

596 2555 970 2638 conjectura
999 2552 1410 2617 restituendo
1437 2551 1721 2633 insignis
1744 2571 1949 2634 opera
1964 2551 2132 2617 fuit:
2184 2552 2462 2618 Scilicet
2484 2573 2636 2617 cum
2658 2553 2779 2617 ali-

597 2655 872 2739 quando
895 2654 983 2718 ad
1001 2651 1512 2736 Amplissimum
1529 2651 1793 2729 Virum,
1837 2653 2213 2718 Samuelem
2257 2655 2595 2732 Ilulsium,
2632 2655 2781 2720 Ha-

595 2775 790 2837 ganae
817 2754 1128 2820 Civitatis
1159 2754 1608 2832 Consularem,
1642 2755 2017 2838 praedivitis
2044 2763 2115 2819 et
2142 2775 2301 2822 sane
2328 2775 2495 2820 rarae
2528 2755 2780 2820 Biblio-

594 2857 1304 2940 thecae.possessorem
1331 2857 1704 2934 inviserem,
1732 2876 2189 2941 rogaremque,
2206 2860 2326 2936 uti,
2344 2860 2579 2941 siquae
2608 2875 2781 2942 proe-

597 2957 774 3024 sidia
801 2959 966 3022 meis
996 2960 1234 3024 usibus
1275 2964 1436 3041 apta
1462 2958 1754 3038 haberet,
1812 2979 1897 3025 ea
1945 2960 2103 3025 mihi
2148 2979 2232 3024 ne
2279 2979 2517 3042 negare
2562 2961 2781 3039 vellet,

597 3065 841 3122 Μουσῶν
899 3055 1098 3144 θυρίδες
1148 3054 1393 3136 ἄφθονοι,
1465 3060 1822 3142 respondit
1870 3060 1999 3126 Vir
2058 3061 2629 3140 Humanissimus‚
2682 3063 2783 3127 lu·-

596 3160 1008 3224 strandornm
1037 3160 1384 3223 Librorum
1405 3159 1677 3240 copiam
1705 3159 1891 3238 facit,
1906 3179 2199 3243 moxque
2220 3160 2615 3242 Catalognm
2634 3183 2783 3246 per-

597 3279 878 3326 censeas
916 3261 1514 3343 praestantissimas
1559 3261 1887 3343 quasdam
1932 3261 2271 3327 Editiones
2296 3262 2462 3326 mihi
2493 3265 2781 3346 seponit.

597 3347 746 3445 Ego
788 3363 1040 3428 interea
1065 3362 1314 3445 cupide
1341 3361 1564 3426 omnia
1587 3362 2129 3447 circumspiciens
2179 3363 2383 3428 incidi
2424 3363 2495 3428 in
2534 3365 2787 3431 Donati

601 3466 923 3532 Codicem
953 3463 1087 3528 Ms.
1118 3464 1456 3547 quantivis
1484 3464 1706 3547 pretii.
1784 3465 1869 3528 Et
1894 3463 2091 3548 hujus
2114 3465 2277 3529 mihi
2306 3485 2513 3532 usura
2540 3468 2783 3533 eadem

597 3567 998 3636 liberalitate
1023 3565 1225 3644 facta,
1271 3570 1366 3642 ut,
1419 3567 1483 3630 si
1533 3583 1731 3649 quam
1770 3565 1921 3630 inde
1948 3569 2157 3631 veteri
2205 3566 2551 3651 Interpreti
2580 3588 2782 3652 opem

599 3671 766 3742 ferre
793 3687 1078 3753 possem,
1123 3668 1194 3732 id
1238 3667 1544 3732 facerem.
1640 3669 1747 3732 Ibi
1780 3673 1917 3732 tum
1948 3668 2453 3734 Eruditissimus
2484 3671 2785 3736 ‘Wielin-

603 3770 1072 3854 gius‚·cognito
1101 3789 1250 3835 meo
1282 3771 1589 3850 consilio,
1634 3789 2073 3853 quoecumque
2116 3771 2249 3836 sibi
2296 3773 2385 3836 ad
2437 3772 2781 3838 Donatum

604 3875 966 3940 observata
989 3877 1242 3949 essent,
1268 3872 1448 3938 ultro
1489 3872 1651 3937 mihi
1678 3871 1945 3937 obtulit.
2029 3871 2195 3938 Inde
2232 3873 2429 3956 igitur
2450 3891 2585 3938 non
2622 3893 2786 3939 con-

601 3975 955 4040 temnenda
985 3973 1584 4040 Observationibus
1613 3975 1861 4040 nostris
1902 3974 2203 4040 accessio
2230 3980 2335 4038 est
2358 3973 2561 4039 facta.
2650 3974 2785 4039 Sed

607 4082 674 4140 et
701 4076 982 4150 alterum
1003 4076 1304 4161 ejusdem
1337 4076 1584 4140 Donati
1615 4076 1889 4142 Librum
1916 4083 2157 4140 nactus
2183 4094 2355 4152 sum,
2386 4073 2615 4139 itidem
2644 4093 2785 4140 ma-

606 4196 698 4242 nu
727 4185 1104 4257 exaratum,
1123 4178 1424 4262 junctum
1457 4177 1696 4244 Codici
1722 4178 1823 4244 illi
1856 4175 1989 4244 Ms.
2006 4175 2571 4256 Boendermakeri,
2590 4192 2785 4260 quem
