3234 4934
625 418 753 485 130
1361 429 1558 477 mvn
1606 427 2081 477 caemcnto.

621 578 697 637 ab
726 592 914 652 eoque
942 592 1018 633 ne
1044 581 1443 631 musversum
1470 568 1729 650 quidem,
1775 579 1840 628 ut
1883 570 2070 643 aiunt,
2113 566 2362 649 digitum
2409 568 2770 629 discederem
2799 588 2816 627 :

624 672 732 733 sed
760 671 907 731 citra
932 668 1407 749 superstitionem
1436 676 1656 738 tamen,
1680 675 1741 725 et
1767 684 1901 724 cum
1922 664 2151 744 judicio
2179 684 2429 744 semper.
2514 666 2816 735 Ceterum,

622 787 755 827 cum
786 766 1100 846 plerosque
1126 764 1252 825 fore
1280 764 1668 844 suspicemur,
1695 762 1820 841 qui,
1848 760 2010 841 quod
2039 760 2314 821 carminis
2335 760 2621 820 rationem
2649 762 2820 840 igno·

622 872 775 934 rent,
815 862 913 922 vix
956 872 1094 942 apte
1121 860 1265 921 satis
1293 859 1388 920 his
1415 858 1492 919 de
1522 858 1699 919 rebus
1737 856 2008 937 judicare
2036 868 2294 937 queant:
2339 858 2530 917 visum
2557 870 2651 916 est
2679 859 2821 917 sub-

614 958 802 1037 jicere
844 957 1133 1019 nonnulla
1175 956 1293 1029 hic,
1335 976 1471 1035 quoe
1513 954 1678 1015 velut
1709 953 1954 1034 januam
1997 954 2379 1035 patefaciant,
2425 963 2486 1013 et
2529 954 2706 1025 viam,
2755 964 2824 1012 ut

626 1055 861 1125 dicitur,
904 1052 1298 1133 proemuniant
1340 1051 1832 1131 imperitioribus:
1875 1069 1996 1131 quo
2037 1051 2254 1110 certius
2301 1051 2376 1111 de
2419 1051 2820 1130 recognitione

628 1161 834 1211 nostra
864 1148 1153 1229 judicium
1182 1148 1377 1208 facere
1406 1156 1467 1207 et
1496 1146 1851 1207 sententiam
1879 1146 2028 1206 ferre
2067 1146 2318 1226 possint.
2401 1148 2589 1227 Igitur
2615 1147 2824 1207 comici

626 1246 877 1307 Plautus
907 1257 969 1305 et
992 1244 1303 1305 Terentius
1332 1254 1519 1303 metro
1547 1243 1670 1303 sere
1693 1252 1938 1305 utuntur
1967 1242 2060 1303 vel
2089 1244 2362 1317 iambico,
2381 1244 2475 1304 vel
2504 1242 2824 1313 trochaicO,

625 1342 720 1403 vel
748 1352 997 1421 utroque
1024 1340 1195 1400 simul
1223 1338 1494 1399 confuso.
1579 1338 1906 1397 iambicum
1933 1339 2028 1401 vel
2057 1351 2482 1401 monometrum
2511 1350 2623 1411 est,
2660 1338 2831 1419 quod·

627 1438 861 1499 duobus
890 1436 1137 1515 pedibus
1167 1434 1529 1513 simplicibus
1556 1443 1832 1494 constat:
1863 1434 1954 1495 vel
1985 1434 2317 1506 dimetrum,
2346 1436 2507 1514 quod
2535 1445 2823 1515 quatuor:

626 1534 720 1595 vel
750 1534 1095 1605 trimetrum,
1121 1531 1284 1610 quod
1314 1550 1442 1603 sex,
1482 1531 1584 1610 qui
1612 1540 1674 1591 et
1701 1531 1916 1591 senarii
1944 1532 2223 1591 dicuntur
2253 1532 2343 1591 Μ.
2369 1532 2563 1592 Tullio
2590 1542 2650 1592 et
2679 1532 2822 1593 Fab.

629 1629 995 1699 Quintiliano
1014 1648 1049 1689 :.
1072 1627 1167 1688 vel
1208 1636 1636 1699 tetrametrum,
1683 1626 1844 1707 quod
1889 1639 2068 1695 octo:
2110 1628 2212 1707 qui
2240 1637 2302 1688 et
2325 1628 2598 1707 quadrati
2625 1630 2829 1708 appel·

624 1727 843 1799 lentur,
870 1737 930 1786 et
958 1723 1262 1784 octonarii.
1345 1724 1437 1783 Ex
1462 1724 1630 1784 hisce
1658 1723 1920 1784 trimetro
1947 1725 2157 1785 comici
2185 1734 2249 1784 et
2275 1733 2612 1784 tetrametro
2637 1726 2826 1784 maxi-

627 1842 721 1883 me
748 1831 1031 1881 utuntur:
1074 1820 1204 1881 aliis
1238 1840 1393 1894 raro,
1436 1828 1497 1881 et
1521 1820 1581 1879 in
1611 1818 1808 1880 medio
1835 1820 1956 1879 fere
1981 1820 2182 1898 (sicuti
2213 1820 2547 1879 Priscianus
2575 1832 2827 1881 annota-

628 1917 738 1993 vit)
765 1916 1162 1977 distinctionis
1190 1936 1395 1977 causa.
1478 1914 1656 1985 Quod
1697 1914 1775 1975 ad
1821 1914 2004 1995 pedes
2049 1915 2262 1977 attinet
2303 1915 2559 1987 iambici,
2610 1935 2826 1997 magna

626 2013 899 2074 libertate
926 2013 1135 2073 comici
1164 2010 1563 2073 indifferenter
1608 2010 1800 2071 ubivis
1845 2024 2095 2091 ponunt,
2139 2012 2423 2085 iambum,
2467 2012 2825 2093 tribrachyn,

630 2119 1023 2189 anapaestum,
1044 2107 1371 2190 dactylum,
1392 2107 1742 2188 spondaeum
1767 2128 1784 2168 :
1815 2107 1874 2169 in
1898 2109 2014 2169 fine
2035 2110 2395 2189 plerumque,
2417 2120 2521 2169 aut
2545 2109 2828 2180 iambum,

630 2214 733 2265 aut
778 2203 1195 2284 pyrrhichium,
1240 2222 1542 2282 nunquam
1586 2204 1704 2263 nisi
1748 2204 1810 2262 in
1853 2215 2130 2264 scazonte
2176 2203 2546 2284 spondaeum.
2635 2205 2828 2265 Utitur

632 2300 942 2362 Terentius
970 2320 1131 2379 ssepe
1159 2301 1217 2359 in
1248 2300 1523 2373 iambico,
1553 2300 1707 2378 pede
1736 2308 1992 2378 quatuor
2017 2299 2372 2380 syllabarum
2403 2302 2664 2360 brevium
2691 2322 2828 2383 pro·

633 2395 1074 2467 celeusmatico‚
1112 2393 1295 2473 idque
1344 2413 1449 2473 per
1499 2393 1918 2455 resolutionem
1971 2395 2278 2474 spondoei:
2341 2406 2408 2456 ut
2453 2398 2514 2456 in
2559 2397 2784 2458 Andria
2809 2420 2827 2460 :

634 2498 653 2530 ‘
679 2492 849 2550 Mala
874 2509 1065 2563 mens,
1087 2489 1283 2550 malus
1310 2491 1563 2563 animus,
1590 2510 1767 2571 quem
1793 2490 2034 2571 quidem
2061 2511 2176 2572 ego
2204 2493 2254 2553 si
2283 2512 2526 2555 sensero
2545 2494 2582 2555 :’
2607 2494 2706 2554 hic
2733 2514 2827 2555 se-

634 2586 833 2647 cundo
857 2586 993 2645 loco
1022 2595 1115 2645 est
1142 2586 1726 2665 proceleusmaticus.
1808 2588 1876 2646 In
1907 2587 2116 2649 eadem
2141 2608 2159 2650 ε
2202 2595 2220 2624 ⁴
2243 2588 2376 2649 Tibi
2422 2610 2700 2669 generum
2729 2592 2828 2651 fir-

631 2698 814 2753 mum,
844 2694 905 2741 et
929 2681 1067 2741 flliee
1096 2681 1359 2742 invenies
1389 2683 1573 2744 virum
1596 2685 1636 2743 τ’
1674 2684 1772 2745 hic
1815 2685 2002 2763 prima
2044 2685 2285 2765 regione
2319 2686 2478 2747 idem
2508 2706 2632 2766 pes.
2719 2686 2830 2746 Est

634 2792 830 2838 autem
858 2778 1080 2858 duplex
1107 2778 1345 2839 iambici
1368 2798 1594 2859 genus:
1626 2779 1873 2839 alterum
1899 2790 2123 2841 rectum
2145 2781 2542 2861 perfectumve
2564 2792 2830 2855 vocatur,

632 2876 879 2935 alterum
922 2876 1135 2938 σκόὲον
1160 2876 1195 2946 ἢ
1222 2873 1610 2955 χωλίαμβονε
1671 2874 1841 2955 cujus
1889 2875 2272 2956 penultimam
2318 2876 2378 2937 in
2425 2877 2543 2937 fine
2584 2878 2827 2957 longam

634 2988 767 3031 esse
794 2979 1046 3050 oportet.
1132 2969 1449 3051 Utriusque
1479 2970 1746 3031 meminit
1773 2970 2044 3045 Ovidius,
2092 2990 2228 3032 cum
2277 2974 2458 3044 canit,
2506 2980 2523 3008 ‘
2551 2972 2722 3033 Liber
2763 2974 2825 3031 in

633 3066 914 3128 adversos
942 3067 1146 3127 hostes
1176 3067 1497 3147 stringatur
1524 3067 1778 3137 iambus,
1804 3068 1924 3127 Seu
1952 3066 2130 3137 celer,
2149 3076 2472 3127 extremum
2500 3087 2606 3128 sen
2632 3069 2829 3128 trahat

630 3161 728 3221 ille
756 3162 1010 3240 pedem!
1090 3162 1285 3221 Utitur
1332 3160 1656 3221 identidem
1707 3162 1885 3241 poeta
1929 3160 2180 3221 iambico
2206 3170 2542 3221 tetrametro
2569 3164 2830 3223 catalec-

632 3257 787 3315 tico:
828 3257 891 3316 id
918 3266 1032 3328 est,
1056 3256 1155 3317 cui
1186 3254 1416 3335 syllaba
1445 3256 1503 3314 in
1534 3257 1652 3316 fine
1680 3255 1876 3316 desit:
1905 3274 2026 3335 quo
2053 3257 2114 3315 in
2139 3257 2508 3328 catalectico,
2538 3258 2649 3317 sibi
2675 3260 2829 3320 inter

634 3351 751 3411 alia
776 3350 891 3411 hoc
920 3370 1157 3431 quoque
1182 3351 1483 3431 permittit,
1526 3362 1595 3412 ut
1620 3370 1728 3431 pro
1755 3352 2083 3431 penultima
2118 3350 2302 3432 longa
2324 3352 2487 3413 haud
2515 3372 2646 3414 raro
2673 3354 2826 3415 duas

633 3447 837 3509 breves
865 3458 1071 3526 ponat,
1115 3446 1281 3528 quod
1316 3446 1490 3507 facile
1516 3446 1619 3526 qui
1647 3464 1854 3508 versus
1881 3448 1943 3506 in
1975 3464 2116 3506 suos
2143 3447 2329 3528 pedes
2358 3446 2620 3527 digerere
2648 3450 2828 3524 volet,

634 3543 720 3603 sic
752 3543 973 3604 habere
1016 3543 1357 3624 comperiet.
1442 3544 1509 3603 In
1564 3542 1874 3605 trochaicis
1919 3543 2129 3605 comici
2175 3543 2492 3605 indiscrete
2531 3545 2826 3605 interdum

631 3638 924 3720 dactylos,
968 3639 1061 3700 vel
1104 3640 1397 3700 trochaeos
1447 3651 1702 3719 ponunt,
1741 3641 2016 3702 nimirum
2059 3659 2181 3720 quo
2231 3660 2402 3719 paene
2445 3641 2738 3702 dissoluta
2765 3650 2828 3701 et

630 3732 893 3812 pedestri
921 3733 1215 3794 simillima
1240 3754 1376 3795 esse
1422 3735 1692 3798 videatur
1730 3754 2110 3816 personarum
2157 3736 2610 3797 sermocinatio:
2656 3735 2825 3816 cujus

626 3830 757 3909 ipse
785 3828 1123 3889 Priscianus
1150 3831 1435 3902 meminit,
1476 3831 1638 3910 apud
1686 3850 1862 3911 quem
1889 3833 2226 3893 Victorinus
2255 3852 2374 3893 non
2403 3833 2598 3891 minus
2624 3832 2826 3903 libere,

634 3942 813 4001 quam
840 3942 975 3983 vere
1006 3923 1111 3994 ait,
1134 3925 1397 3998 comicis,
1424 3924 1565 3985 dum
1594 3925 2006 4006 quotidianum
2027 3944 2355 3989 sermonem
2383 3926 2596 3985 imitari
2625 3924 2827 3985 nitun-

632 4030 749 4093 tur,
788 4030 977 4079 metra
1006 4020 1209 4081 vitiare
1238 4020 1457 4093 studio,
1498 4040 1619 4081 non
1651 4022 1976 4100 imperitia:
2019 4022 2183 4103 quod
2207 4032 2270 4082 et
2291 4021 2678 4082 Terentianus
2705 4031 2828 4081 tes-

636 4116 985 4187 tatur,‚hisce
1012 4117 1319 4178 versibus:
1362 4125 1378 4152 ‘
1404 4118 1730 4198 Fidemque
1758 4119 1910 4179 fictis
1938 4119 2078 4179 dum
2121 4128 2438 4199 procurant
2475 4116 2710 4191 fabulis,
2753 4117 2825 4177 In

638 4220 822 4271 metro
864 4222 1117 4290 peccant
1148 4224 1296 4288 arte,
1324 4233 1443 4275 non
1474 4214 1752 4276 inscitia!
1829 4216 2024 4277 Tanta
2051 4226 2246 4275 autem
2277 4214 2530 4275 affinitas
2559 4224 2651 4275 est
2674 4216 2828 4275 inter
