3234 4934
595 392 730 459 242
1261 401 1652 460 musanus
1703 400 2128 453 saur-nunus

595 549 879 610 iambicos
909 556 1296 620 tetrametros,
1337 546 1432 607 vel
1478 543 1811 607 trochaicos
1856 544 2259 618 catalecticos,
2306 546 2383 607 ab
2418 545 2613 610 iambo
2642 548 2791 609 inci·

597 646 805 723 piunt;
851 655 916 704 ut
944 644 1050 704 illa
1075 643 1281 705 Accii:

923 758 1018 815 An
1043 754 1192 817 haec
1211 756 1338 835 jam
1365 754 1533 816 obliti
1561 753 1707 815 sunt
1732 752 2035 835 Phryges?

601 895 664 947 et
686 882 804 945 illae
834 884 1075 945 Nostri:

727 1010 1012 1062 Praescisse
1033 1024 1118 1063 me
1139 1012 1296 1061 ante?
1325 1008 1495 1062 nonne
1518 1010 1663 1075 prins
1682 1007 2112 1062 communicatum
2134 1008 2404 1074 oportuit?

863 1091 1110 1143 Miseram
1133 1104 1237 1155 me,
1269 1091 1406 1158 quod
1431 1091 1647 1142 verbum
1668 1090 1864 1142 audio?

722 1172 917 1223 Manus
939 1178 1172 1223 nostrum
1189 1172 1378 1223 ornato
1398 1171 1591 1236 verbis,
1619 1170 1759 1237 quod
1782 1170 2011 1236 poterin
2042 1174 2097 1219 et
2119 1167 2273 1221 istum
2296 1168 2552 1219 aemulum

765 1271 768 1275 ·
852 1253 1008 1305 Quod
1029 1251 1226 1319 poteris
1249 1252 1316 1303 ab
1337 1266 1404 1303 ea
1425 1250 1627 1317 pellito.

599 1378 692 1437 Ita
719 1397 950 1459 semper
975 1378 1036 1438 in
1065 1377 1314 1441 ceteris:
1345 1389 1408 1439 et
1431 1378 1582 1440 ratio
1600 1388 1714 1453 est,
1735 1378 1897 1459 quod
1926 1377 2151 1439 διποδία
2176 1380 2441 1459 τροχαῑκὴ
2467 1378 2637 1457 quasi
2664 1396 2787 1437 uno

599 1492 774 1536 versu
799 1475 1211 1535 continuetur:

853 1599 1302 1652 Communicatmn
1319 1598 1582 1664 oportuit:
1615 1597 1858 1649 mineram
1878 1612 1963 1649 me
1983 1598 2123 1664 quod
2146 1597 2359 1649 verbum
2376 1596 2566 1650 audio?

600 1725 774 1787 Unde
801 1728 864 1787 in
891 1727 1191 1789 trochaico
1217 1725 1417 1809 pleno,
1460 1746 1581 1807 quo
1617 1724 1845 1788 διποδία
1870 1735 2280 1787 consummata
2302 1735 2417 1801 est,
2463 1746 2501 1787 a
2526 1727 2785 1789 trochaeo

599 1822 843 1903 incipit:

723 1948 887 2003 Proin
909 1954 967 2001 tu
987 1946 1371 2001 solicitudinem
1393 1949 1546 2001 istam
1567 1946 1773 2013 fanum,
1802 1964 1920 2015 qun
1944 1954 2006 2001 te
2021 1949 2308 2017 excruciat,
2336 1951 2534 2002 mittas.

852 2029 1076 2082 Quicum
1097 2031 1326 2096 loquitur
1346 2027 1521 2081 filius?

721 2107 814 2161 'Et
833 2110 961 2160 illud
983 2124 1071 2161 rus
1083 2111 1228 2160 nulla
1247 2110 1350 2161 filia
1371 2125 1532 2161 carm
1552 2112 1661 2161 tam
1678 2112 1811 2162 male
1832 2109 1939 2176 odi,
1970 2110 2070 2163 nisi
2092 2112 2214 2176 quia
2229 2124 2393 2175 prope
2414 2118 2530 2161 est:

853 2188 1008 2243 Quod
1031 2190 1078 2240 si
1097 2189 1308 2241 abanet
1323 2190 1542 2255 longius.
1656 2242 1661 2247 ,

598 2307 774 2369 Hanc
821 2308 932 2369 sibi
974 2308 1172 2389 legem
1213 2309 1485 2381 fixerunt,
1527 2309 1931 2370 sancientibus
1977 2329 2118 2370 aure
2168 2328 2240 2370 ac
2283 2306 2577 2389 rhythmo,
2617 2310 2789 2389 primi

597 2404 738 2464 artis
784 2404 1159 2465 inventores:
1203 2402 1311 2464 sed
1359 2406 1421 2465 in
1463 2404 1579 2465 hac
1624 2414 1826 2466 tamen
1875 2411 2013 2465 ante
2061 2424 2173 2465 nos
2198 2403 2484 2465 editiones
2515 2415 2786 2485 peccant.

595 2496 754 2557 Illud
796 2516 970 2578 porro
1015 2498 1384 2567 notandum;
1425 2502 1487 2561 in
1527 2500 1879 2563 tetrametris
1908 2500 2056 2563 solis
2084 2499 2245 2580 apud
2284 2500 2589 2575 Nostrum,
2635 2520 2791 2561 nun-

595 2612 774 2673 quam
798 2594 864 2654 in
891 2594 1186 2668 trimetris,
1226 2593 1508 2655 clausulis
1556 2597 1755 2657 locum
1794 2614 1950 2657 esse.
2032 2596 2243 2676 Neque
2288 2593 2351 2654 id
2378 2595 2787 2669 omittendum,

591 2689 706 2750 has
733 2700 794 2751 et
818 2689 1075 2770 reliquas
1105 2708 1310 2753 omnes
1339 2690 1499 2771 apud
1546 2692 1835 2752 Nostrum
1881 2691 2183 2754 clausulas
2229 2692 2291 2751 in
2334 2693 2551 2755 cretico
2593 2693 2787 2754 termi-

595 2786 760 2847 nari:
803 2784 1002 2860 audio,
1045 2785 1270 2865 pellit0,
1305 2786 1486 2861 filius,
1512 2788 1785 2868 longius;
1830 2808 1953 2850 una
1980 2798 2211 2850 tantum
2238 2798 2507 2869 excepta,
2536 2788 2686 2849 Hec.
2720 2806 2785 2851 v.

600 2884 652 2942 l.
683 2903 819 2964 quoe
845 2882 909 2942 in
935 2882 1288 2961 spondaeum
1315 2883 1476 2943 exit:

723 3026 836 3079 Aut
853 3026 920 3085 ne
939 3026 1065 3093 quid
1087 3026 1276 3079 faciam
1301 3026 1438 3091 plns,
1468 3026 1607 3093 quod
1628 3032 1748 3091 post
1766 3041 1851 3079 ne
1874 3025 2042 3079 minus
2062 3025 2252 3077 fecisse
2272 3024 2437 3077 satius
2458 3026 2543 3077 sit.

851 3107 1161 3173 Aggrediar.
1224 3106 1464 3172 Bacchis,
1496 3108 1663 3159 salve.

597 3234 671 3295 ld
695 3242 893 3295 nmen
913 3234 1165 3313 judicio,
1193 3252 1316 3294 non
1343 3252 1509 3307 casu,
1531 3253 1571 3295 a
1590 3234 1781 3295 Poeta
1804 3235 2064 3295 factunm
2094 3233 2313 3312 quippe
2338 3241 2476 3310 post
2500 3232 2655 3293 hanc
2684 3254 2785 3295 so-

593 3329 713 3389 lam
739 3349 813 3389 ex
840 3330 1115 3389 omnibus
1135 3328 1466 3389 clausulam
1487 3347 1526 3387 a
1541 3330 1891 3390 tetrametris
1911 3326 2101 3407 plenis
2119 3328 2181 3387 in
2202 3327 2581 3389 catalecticos
2600 3348 2785 3391 scena

593 3426 824 3498 transit,
862 3425 966 3503 qui
991 3421 1280 3503 spondaeo
1305 3421 1623 3483 finiuntur:

849 3548 1022 3615 Salve,
1053 3550 1247 3602 Lache.
1312 3548 1516 3615 Edepol
1535 3548 1700 3602 credo
1721 3556 1777 3602 te
1794 3563 1900 3601 non
1921 3548 1996 3602 nss
2016 3548 2213 3615 mirari,
2234 3549 2472 3603 Bacchis.

769 3744 1152 3807 LICENTIA
1207 3742 1761 3821 TERENTIANA,
1816 3746 1987 3815 QUA
2045 3746 2497 3808 DEFLECTIT
2550 3748 2603 3807 A

1311 3857 1633 3921 GRAECIS
1692 3858 2059 3923 COMICIS.

675 3967 771 4029 De
811 3966 1051 4029 licentia
1091 3980 1356 4032 veterum
1403 3971 1831 4047 Romanorum,
1878 3972 2236 4053 tragicorum
2282 3971 2777 4049 comicorumque,

593 4064 773 4172 paulo
813 4064 1224 4129 inclementius
1269 4066 1529 4149 loquitur
1572 4069 1879 4142 Horatius,
1923 4069 2068 4131 Arte
2094 4068 2262 4132 Post.
2290 4069 2427 4129 255.
2460 4066 2771 4140 lambiens,

590 4170 801 4237 inquit,
830 4181 1055 4237 versus,
