3234 4934
1113 420 1209 467 nn
1259 419 1532 467 anms
1579 419 1906 467 comicis.
2481 404 2614 471 219

427 576 552 619 rum
583 568 868 619 tractatus
897 559 1010 619 hac
1039 560 1097 617 in
1130 569 1292 637 parte
1341 570 1481 619 sunt
1510 568 1687 637 supra
1714 580 1889 639 quam
1920 560 2033 620 dici
2072 570 2268 640 potest
2296 560 2523 621 steriles
2552 578 2614 628 et

419 655 769 734 jejuni‚cum
789 673 988 713 eorum
1011 673 1186 713 nemo
1207 654 1264 713 in
1289 674 1408 713 rem
1431 655 1606 713 altius
1626 656 1961 733 penetrarit,
1980 668 2083 716 aut
2103 657 2418 735 quicquam
2440 656 2615 715 solidi

428 750 751 819 tradiderit,
781 758 994 827 praeter
1019 750 1284 828 vulgaria
1320 751 1423 809 illa
1449 772 1584 829 quae
1628 751 1687 809 in
1734 751 1909 811 triviis
1954 764 2099 814 nota
2144 766 2319 821 sunt;
2380 752 2613 812 decrevi

431 855 568 905 ante
597 846 794 905 omnia
817 846 1184 907 licentiarum
1231 866 1444 907 causas
1490 858 1550 906 et
1597 848 1852 926 origines
1880 860 2163 927 quantum
2208 851 2375 931 potui
2420 851 2613 908 inves-

430 942 637 1019 tigare,
677 951 736 1002 et
761 942 877 1001 nisi
918 942 1232 1023 plurimum
1275 944 1464 1016 fallor,
1495 964 1771 1024 quaenam
1816 946 2052 1020 fuerint,
2087 966 2207 1006 non
2234 948 2482 1009 obscure
2510 944 2614 1004 de-

430 1037 730 1115 prehendi.

509 1134 578 1193 In
633 1134 833 1213 primis
879 1135 1058 1213 igitur
1105 1135 1406 1197 sciendum
1459 1148 1554 1197 est
1598 1137 1869 1197 licentias
1921 1138 2315 1211 comicorum,
2343 1137 2505 1217 quod
2534 1136 2614 1197 ad

429 1239 652 1306 partem
682 1250 878 1290 earum
907 1230 1084 1311 longe
1133 1232 1470 1303 maximam,
1498 1234 1673 1291 unius
1718 1252 1850 1293 esse
1880 1234 2131 1312 generiS,
2179 1246 2241 1292 et
2267 1234 2327 1291 in
2356 1234 2417 1293 id
2459 1234 2617 1297 ferri,

427 1335 497 1382 ut
543 1324 884 1404 popularem
931 1327 1347 1405 pronuntiandi
1401 1328 1889 1388 consuetudinem
1938 1339 2381 1409 repraesentent.
2464 1330 2617 1389 Cum

429 1420 584 1478 enim
615 1420 926 1483 Comoedia
951 1424 1012 1481 in
1041 1440 1112 1481 eo
1143 1432 1265 1483 tota
1295 1422 1372 1481 sit
1399 1433 1464 1481 ut
1499 1432 1637 1483 vera
1664 1424 1802 1483 vitm
1828 1424 2104 1483 humanae
2148 1425 2225 1483 sit
2252 1425 2468 1503 imago,
2496 1443 2614 1483 non

431 1516 572 1575 satis
601 1526 728 1575 erat
753 1536 856 1581 eas
887 1517 992 1575 sibi
1038 1519 1308 1579 materias
1359 1539 1610 1591 sumere,
1658 1540 1793 1598 quae
1824 1540 1854 1579 e
1884 1520 2227 1599 quotidiana
2256 1520 2377 1579 vita
2416 1530 2619 1579 essent

432 1612 754 1691 depromta,
783 1613 1174 1692 humilemque
1203 1616 1364 1675 illurn
1395 1626 1457 1675 et
1498 1616 1843 1693 depressum
1889 1616 2085 1696 populi
2130 1634 2459 1675 sermonem
2486 1615 2616 1673 imi·

427 1710 574 1775 tari3
647 1710 904 1787 oportuit
947 1710 1188 1789 insuper
1241 1713 1489 1773 eandem
1543 1732 1780 1791 quoque
1831 1712 2249 1791 pronuntiandi
2306 1712 2615 1783 rationem,

430 1815 708 1883 quantum
738 1816 991 1885 poterat,
1021 1808 1278 1886 assequi,
1308 1828 1427 1887 qua
1453 1809 1711 1887 populus
1760 1811 1820 1869 in
1866 1810 2279 1888 congressibus
2327 1819 2389 1869 et
2430 1808 2615 1868 collo-

430 1901 582 1979 quiis
627 1901 1005 1963 familiaribus
1045 1914 1328 1962 uteretur.
1411 1904 1528 1962 Hic
1565 1924 1735 1963 verus
1783 1904 2147 1963 licentiarum
2188 1904 2309 1963 fere
2355 1903 2617 1964 omniurn

427 1996 584 2067 fons,
613 2017 748 2075 quoe
773 2006 1004 2057 tantum
1031 1998 1276 2057 eruditis
1307 2000 1608 2077 negotium
1658 2000 1917 2059 fecerunt
1944 2020 1959 2067 ;
2023 2000 2161 2058 binc
2196 2010 2291 2059 est
2326 1999 2485 2079 quod
2514 2019 2615 2059 co-

429 2091 596 2152 micis
625 2092 812 2171 poetis
842 2092 1026 2165 licuit,
1054 2094 1216 2171 quod
1243 2092 1343 2152 alii
1371 2092 1516 2153 nulli
1553 2096 1857 2173 poetarum
1886 2094 2087 2173 generi
2130 2112 2475 2153 concessum
2504 2104 2616 2155 est.

433 2186 645 2247 Cetera
671 2190 946 2267 poemata
975 2189 1190 2269 scripta
1215 2200 1357 2250 sunt
1393 2200 1457 2248 ut
1499 2190 1802 2269 legantur3
1848 2188 2169 2249 Comoedioe
2197 2208 2331 2249 vero
2356 2194 2450 2267 (ut
2474 2192 2620 2249 Tra-

431 2283 668 2361 goedioe)
693 2294 760 2345 ut
783 2285 1122 2347 audiantur.
1209 2287 1291 2345 Ut
1334 2287 1512 2365 igitur
1540 2306 1743 2347 eorum
1789 2306 2067 2345 numeros
2108 2286 2529 2366 intelligamus,
2558 2297 2619 2347 et

432 2379 735 2439 verborum
763 2379 972 2440 modos
1001 2380 1108 2441 rite
1129 2382 1508 2455 aestimemus,
1539 2402 1655 2441 non
1684 2392 1804 2443 tam
1834 2382 1911 2442 ad
1937 2381 2136 2441 literas
2174 2402 2308 2459 quae
2340 2401 2402 2441 se
2430 2381 2617 2441 oculis

432 2473 730 2550 ingerunt,
757 2474 1112 2555 insitamque
1141 2498 1340 2539 earum
1370 2480 1759 2558 quantitatem
1782 2477 2223 2540 attendendum
2250 2486 2363 2549 est,
2403 2478 2508 2537 sed
2540 2479 2617 2537 ad

434 2587 614 2629 sonos
645 2588 796 2647 quos
825 2572 1128 2632 efficerent
1160 2592 1296 2633 cum
1330 2574 1390 2633 in
1441 2576 1775 2656 ore'populi
1821 2576 2123 2647 ferrentur,
2172 2574 2496 2654 qualesque
2540 2574 2619 2634 ad

435 2682 604 2725 aures
633 2666 1008 2729 accederent.

513 2761 832 2829 Quomodo
873 2767 1055 2827 verba
1093 2768 1538 2845 pronuntiarent
1565 2768 1811 2827 Veteres
1859 2766 2134 2838 Romani,
2180 2784 2251 2825 ea
2293 2769 2618 2844 praesertim

433 2877 568 2938 quoe
611 2860 672 2925 in
699 2862 1032 2941 colloquiis·
1057 2874 1198 2922 sunt
1246 2864 1657 2942 frequentioris
1698 2882 1866 2934 usus,
1910 2862 2086 2939 idque
2128 2862 2199 2919 iis
2242 2863 2620 2940 temporibus,

435 2974 570 3015 cum
595 2956 832 3015 floreret
855 2955 1052 3015 adhuc
1091 2958 1439 3035 respublica,
1486 2977 1596 3016 nec
1624 2958 1765 3017 dum
1809 2956 2078 3017 civilibus
2108 2958 2283 3016 armis
2308 2958 2495 3017 fracta
2520 2960 2621 3017 uni

435 3052 496 3111 in
523 3050 827 3129 imperium
867 3050 1172 3122 cessisset,
1218 3070 1390 3111 nemo
1431 3051 1675 3117 dixerit3
1736 3072 1847 3110 nec
1876 3053 2139 3130 profecto
2168 3052 2227 3110 in
2268 3053 2391 3111 ulla
2414 3052 2622 3131 lingua

439 3167 574 3207 vera
599 3147 1022 3225 pronuntiandi
1049 3146 1196 3207 ratio
1225 3157 1386 3207 certo
1419 3147 1553 3208 sciri
1582 3156 1803 3226 potest,
1830 3146 1947 3206 nisi
1988 3148 2063 3205 ab
2090 3147 2163 3205 iis
2191 3146 2293 3225 qui
2322 3148 2451 3207 viva
2476 3168 2621 3208 voce

435 3244 744 3325 loquentes
775 3244 1071 3303 audierint
1094 3262 1218 3316 eos,
1246 3242 1459 3322 quibus
1509 3242 1734 3321 lingua,
1765 3242 1841 3301 de
1868 3262 1989 3321 qua
2014 3242 2229 3321 agitur,
2278 3243 2449 3302 suerit
2494 3263 2621 3303 ver-

436 3340 668 3401 nacula.
752 3340 940 3401 Nobis
967 3339 1165 3419 igitur,
1194 3358 1328 3399 cum
1359 3338 1633 3399 Romana
1658 3338 1863 3418 lingua
1904 3356 2007 3419 per
2032 3349 2125 3398 tot
2158 3339 2283 3417 jam
2311 3338 2532 3398 saecula
2558 3338 2621 3397 in

437 3454 550 3496 usu
575 3438 872 3496 communi
915 3456 1046 3496 esse
1077 3435 1337 3510 desierit,
1365 3436 1544 3515 longe
1583 3434 1815 3495 facilius
1851 3450 1947 3495 est
1970 3456 2043 3495 ex
2071 3454 2341 3495 versuum
2368 3436 2619 3494 comico·

437 3550 565 3589 rum
593 3532 1012 3593 constitutione
1041 3543 1102 3593 et
1129 3532 1494 3592 licentiarum
1521 3551 1635 3591 usu
1666 3530 2085 3609 pronuntiandi
2112 3530 2623 3599 consuetudinem,

440 3644 617 3703 quam
673 3646 747 3685 ex
799 3627 1216 3705 pronuntiandi
1269 3628 1450 3687 modo
1477 3646 1751 3687 versuum
1818 3638 1877 3687 et
1929 3627 2297 3687 licentiarum
2363 3627 2621 3686 rationes

438 3721 812 3799 investigare.
895 3722 1028 3781 Hoc
1055 3734 1254 3782 tamen
1281 3743 1454 3783 nemo
1482 3743 1600 3783 non
1644 3724 1847 3792 sentit,
1876 3723 1977 3802 qui
2012 3722 2103 3782 vel
2131 3722 2339 3782 leviter
2366 3722 2621 3781 animum

441 3818 520 3879 ad
547 3816 679 3879 hoec
707 3817 994 3889 advertat,
1041 3818 1099 3876 in
1131 3836 1396 3877 sermone
1445 3830 1506 3879 et
1553 3818 1853 3897 colloquio
1895 3817 2164 3877 familiari
2214 3817 2391 3875 verba
2416 3816 2623 3889 multa,

439 3935 514 3976 ea
563 3916 886 3995 proesertim
913 3933 1048 3992 quoe
1077 3912 1138 3971 in
1165 3914 1643 3992 frequentissimo
1668 3925 1809 3973 sunt
1834 3932 1969 3987 usu,
1995 3933 2247 3993 quaeque
2291 3912 2512 3971 nullam
2559 3913 2623 3971 in

441 4030 508 4072 se
535 4004 842 4091 emphasin
871 4010 1110 4081 habent,
1139 4028 1252 4068 nec
1279 4011 1629 4070 sententiam
1678 4010 1927 4069 multum
1968 4009 2272 4088 adjuvant,
2317 4007 2423 4066 sed
2452 4009 2623 4087 quasi

441 4107 680 4168 vincula
705 4107 978 4187 quaedam
1016 4105 1294 4165 orationis
1337 4108 1602 4186 partibus
1642 4106 1891 4167 invicem
1928 4102 2234 4165 nectendis
2278 4101 2623 4178 inserviunt,

443 4204 648 4283 quales
676 4214 817 4265 sunt
839 4203 1090 4305 articuli,
1139 4204 1604 4285 proepositiones,
1652 4201 2109 4282 interjectiones,
2152 4196 2621 4276 conjunctiones,
