<?xml version="1.0" encoding="UTF-8"?>
<!DOCTYPE html PUBLIC "-//W3C//DTD XHTML 1.0 Transitional//EN"
    "http://www.w3.org/TR/xhtml1/DTD/xhtml1-transitional.dtd">
<html xmlns="http://www.w3.org/1999/xhtml" xml:lang="en" lang="en">
 <head>
  <title>
</title>
<meta http-equiv="Content-Type" content="text/html;charset=utf-8" />
  <meta name='ocr-system' content='tesseract 3.04.00' />
  <meta name='ocr-capabilities' content='ocr_page ocr_carea ocr_par ocr_line ocrx_word'/>
</head>
<body>
  <div class='ocr_page' id='page_1' title='image "./comoedisex10westgoog_0162.png"; bbox 0 0 3234 4934; ppageno 0'>
   <div class='ocr_carea' id='block_1_1' title="bbox 628 372 2204 442">
    <p class='ocr_par' dir='ltr' id='par_1_1' title="bbox 628 372 2204 442">
     <span class='ocr_line' id='line_1_1' title="bbox 628 372 2204 442; baseline 0.004 -6"><span class='ocrx_word' id='word_1_1' title='bbox 628 372 758 437; x_wconf 78' lang='lat'>154</span> <span class='ocrx_word' id='word_1_2' title='bbox 1206 392 1475 441; x_wconf 74' lang='lat' dir='ltr'>sumus</span> <span class='ocrx_word' id='word_1_3' title='bbox 1526 390 1784 441; x_wconf 72' lang='lat' dir='ltr'>cAEsAR</span> <span class='ocrx_word' id='word_1_4' title='bbox 1831 392 2204 442; x_wconf 60' lang='lat' dir='ltr'>scabrosa</span> 
     </span>
    </p>
   </div>
   <div class='ocr_carea' id='block_1_2' title="bbox 580 533 2898 4351">
    <p class='ocr_par' dir='ltr' id='par_1_2' title="bbox 580 533 2898 4351">
     <span class='ocr_line' id='line_1_2' title="bbox 628 533 2809 615; baseline 0.003 -24"><span class='ocrx_word' id='word_1_5' title='bbox 628 534 1009 593; x_wconf 86' lang='lat' dir='ltr'>concenturio</span> <span class='ocrx_word' id='word_1_6' title='bbox 1036 534 1095 592; x_wconf 89' lang='lat' dir='ltr'>in</span> <span class='ocrx_word' id='word_1_7' title='bbox 1125 533 1304 594; x_wconf 87' lang='lat' dir='ltr'>corde</span> <span class='ocrx_word' id='word_1_8' title='bbox 1356 533 1798 615; x_wconf 79' lang='lat' dir='ltr'>sycophantias,</span> <span class='ocrx_word' id='word_1_9' title='bbox 1824 534 2062 595; x_wconf 85' lang='lat' dir='ltr'>Tibicen</span> <span class='ocrx_word' id='word_1_10' title='bbox 2106 554 2212 595; x_wconf 81' lang='lat' dir='ltr'>vos</span> <span class='ocrx_word' id='word_1_11' title='bbox 2240 537 2464 595; x_wconf 89' lang='lat' dir='ltr'>interea</span> <span class='ocrx_word' id='word_1_12' title='bbox 2489 535 2585 595; x_wconf 89' lang='lat' dir='ltr'>hic</span> <span class='ocrx_word' id='word_1_13' title='bbox 2612 536 2809 597; x_wconf 82' lang='lat' dir='ltr'>delec-</span> 
     </span>
     <span class='ocr_line' id='line_1_3' title="bbox 630 628 2808 712; baseline 0 -20"><span class='ocrx_word' id='word_1_14' title='bbox 630 628 877 692; x_wconf 79' lang='lat' dir='ltr'>taverit.&#39;</span> <span class='ocrx_word' id='word_1_15' title='bbox 951 630 1143 690; x_wconf 86' lang='lat' dir='ltr'>Tanto</span> <span class='ocrx_word' id='word_1_16' title='bbox 1190 630 1366 709; x_wconf 84' lang='lat' dir='ltr'>igitur</span> <span class='ocrx_word' id='word_1_17' title='bbox 1412 630 1741 703; x_wconf 83' lang='lat' dir='ltr'>intervallo,</span> <span class='ocrx_word' id='word_1_18' title='bbox 1769 631 2062 709; x_wconf 90' lang='lat' dir='ltr'>quomodo</span> <span class='ocrx_word' id='word_1_19' title='bbox 2104 632 2395 692; x_wconf 81' lang='lat' dir='ltr'>Charinus</span> <span class='ocrx_word' id='word_1_20' title='bbox 2425 632 2676 712; x_wconf 79' lang='lat' dir='ltr'>Mysidis</span> <span class='ocrx_word' id='word_1_21' title='bbox 2704 648 2808 693; x_wconf 74' lang='lat' dir='ltr'>ex-</span> 
     </span>
     <span class='ocr_line' id='line_1_4' title="bbox 629 723 2812 808; baseline 0.002 -26"><span class='ocrx_word' id='word_1_22' title='bbox 629 723 851 803; x_wconf 88' lang='lat' dir='ltr'>plesset</span> <span class='ocrx_word' id='word_1_23' title='bbox 876 744 1130 797; x_wconf 88' lang='lat' dir='ltr'>versum,</span> <span class='ocrx_word' id='word_1_24' title='bbox 1158 745 1333 804; x_wconf 91' lang='lat' dir='ltr'>quem</span> <span class='ocrx_word' id='word_1_25' title='bbox 1361 746 1479 786; x_wconf 90' lang='lat' dir='ltr'>non</span> <span class='ocrx_word' id='word_1_26' title='bbox 1508 724 1784 785; x_wconf 72' lang='lat' dir='ltr'>audiret?</span> <span class='ocrx_word' id='word_1_27' title='bbox 1846 727 1915 785; x_wconf 90' lang='lat' dir='ltr'>In</span> <span class='ocrx_word' id='word_1_28' title='bbox 1941 726 2148 786; x_wconf 86' lang='lat' dir='ltr'>eadem</span> <span class='ocrx_word' id='word_1_29' title='bbox 2181 746 2317 787; x_wconf 83' lang='lat' dir='ltr'>vero</span> <span class='ocrx_word' id='word_1_30' title='bbox 2347 747 2547 800; x_wconf 88' lang='lat' dir='ltr'>scena,</span> <span class='ocrx_word' id='word_1_31' title='bbox 2574 728 2656 788; x_wconf 86' lang='lat' dir='ltr'>ita</span> <span class='ocrx_word' id='word_1_32' title='bbox 2683 748 2812 808; x_wconf 90' lang='lat' dir='ltr'>per·</span> 
     </span>
     <span class='ocr_line' id='line_1_5' title="bbox 630 821 2807 900; baseline 0.002 -21"><span class='ocrx_word' id='word_1_33' title='bbox 630 840 797 880; x_wconf 89' lang='lat' dir='ltr'>verse</span> <span class='ocrx_word' id='word_1_34' title='bbox 854 821 1017 900; x_wconf 87' lang='lat' dir='ltr'>legit,</span> <span class='ocrx_word' id='word_1_35' title='bbox 1074 833 1143 881; x_wconf 88' lang='lat' dir='ltr'>ut</span> <span class='ocrx_word' id='word_1_36' title='bbox 1198 822 1440 881; x_wconf 86' lang='lat' dir='ltr'>alterum</span> <span class='ocrx_word' id='word_1_37' title='bbox 1497 822 1878 881; x_wconf 85' lang='lat' dir='ltr'>novenarium</span> <span class='ocrx_word' id='word_1_38' title='bbox 1927 823 2124 894; x_wconf 85' lang='lat' dir='ltr'>faciat,</span> <span class='ocrx_word' id='word_1_39' title='bbox 2193 823 2459 896; x_wconf 88' lang='lat' dir='ltr'>alterum,</span> <span class='ocrx_word' id='word_1_40' title='bbox 2516 826 2807 883; x_wconf 88' lang='lat' dir='ltr'>senarium</span> 
     </span>
     <span class='ocr_line' id='line_1_6' title="bbox 632 916 2810 999; baseline 0.001 -22"><span class='ocrx_word' id='word_1_41' title='bbox 632 916 961 998; x_wconf 85' lang='lat' dir='ltr'>relinquat:</span> <span class='ocrx_word' id='word_1_42' title='bbox 1004 918 1132 978; x_wconf 85' lang='lat' dir='ltr'>sic:</span> <span class='ocrx_word' id='word_1_43' title='bbox 1192 918 1449 986; x_wconf 80' lang='lat' dir='ltr'>‘Quaeso</span> <span class='ocrx_word' id='word_1_44' title='bbox 1489 916 1742 998; x_wconf 81' lang='lat' dir='ltr'>aede&#39;pol,</span> <span class='ocrx_word' id='word_1_45' title='bbox 1793 918 2068 991; x_wconf 78' lang='lat' dir='ltr'><strong>Charine,</strong></span> <span class='ocrx_word' id='word_1_46' title='bbox 2103 919 2380 998; x_wconf 89' lang='lat' dir='ltr'>quoniam</span> <span class='ocrx_word' id='word_1_47' title='bbox 2409 918 2472 978; x_wconf 90' lang='lat' dir='ltr'>id</span> <span class='ocrx_word' id='word_1_48' title='bbox 2497 920 2618 979; x_wconf 83' lang='lat' dir='ltr'>fieri</span> <span class='ocrx_word' id='word_1_49' title='bbox 2647 920 2810 999; x_wconf 89' lang='lat' dir='ltr'>quod</span> 
     </span>
     <span class='ocr_line' id='line_1_7' title="bbox 580 1013 2808 1095; baseline 0.002 -24"><span class='ocrx_word' id='word_1_50' title='bbox 580 1087 585 1095; x_wconf 30' lang='grc' dir='ltr'>ι</span> <span class='ocrx_word' id='word_1_51' title='bbox 630 1016 721 1074; x_wconf 83' lang='lat' dir='ltr'>vis</span> <span class='ocrx_word' id='word_1_52' title='bbox 750 1034 869 1075; x_wconf 91' lang='lat' dir='ltr'>non</span> <span class='ocrx_word' id='word_1_53' title='bbox 898 1025 1115 1093; x_wconf 89' lang='lat' dir='ltr'>potest,</span> <span class='ocrx_word' id='word_1_54' title='bbox 1161 1013 1304 1073; x_wconf 84' lang='lat' dir='ltr'>velis</span> <span class='ocrx_word' id='word_1_55' title='bbox 1350 1013 1527 1083; x_wconf 89' lang='lat' dir='ltr'>Quod</span> <span class='ocrx_word' id='word_1_56' title='bbox 1574 1014 1794 1093; x_wconf 80' lang='lat' dir='ltr'><strong>possit:</strong></span> <span class='ocrx_word' id='word_1_57' title='bbox 1848 1014 1990 1073; x_wconf 85' lang='lat' dir='ltr'>nihil</span> <span class='ocrx_word' id='word_1_58' title='bbox 2035 1014 2196 1073; x_wconf 89' lang='lat' dir='ltr'>aliud</span> <span class='ocrx_word' id='word_1_59' title='bbox 2241 1015 2354 1073; x_wconf 89' lang='lat' dir='ltr'>nisi</span> <span class='ocrx_word' id='word_1_60' title='bbox 2403 1015 2808 1075; x_wconf 82' lang='lat' dir='ltr'><strong>Philumenam</strong></span> 
     </span>
     <span class='ocr_line' id='line_1_8' title="bbox 634 1108 2812 1188; baseline 0 -18"><span class='ocrx_word' id='word_1_61' title='bbox 634 1110 814 1171; x_wconf 82' lang='lat' dir='ltr'>vol0.’</span> <span class='ocrx_word' id='word_1_62' title='bbox 857 1110 1009 1169; x_wconf 90' lang='lat' dir='ltr'>Cum</span> <span class='ocrx_word' id='word_1_63' title='bbox 1034 1119 1230 1168; x_wconf 87' lang='lat' dir='ltr'>tamen</span> <span class='ocrx_word' id='word_1_64' title='bbox 1260 1108 1377 1167; x_wconf 88' lang='lat' dir='ltr'>duo</span> <span class='ocrx_word' id='word_1_65' title='bbox 1402 1108 1619 1188; x_wconf 80' lang='lat' dir='ltr'>priores</span> <span class='ocrx_word' id='word_1_66' title='bbox 1647 1109 1854 1187; x_wconf 87' lang='lat' dir='ltr'>optimi</span> <span class='ocrx_word' id='word_1_67' title='bbox 1883 1108 2002 1169; x_wconf 88' lang='lat' dir='ltr'>sint</span> <span class='ocrx_word' id='word_1_68' title='bbox 2028 1110 2311 1169; x_wconf 79' lang='lat' dir='ltr'>octonarii</span> <span class='ocrx_word' id='word_1_69' title='bbox 2335 1130 2351 1170; x_wconf 72' lang='grc' dir='ltr'>ε</span> <span class='ocrx_word' id='word_1_70' title='bbox 2394 1114 2515 1171; x_wconf 87' lang='lat' dir='ltr'>sic:</span> <span class='ocrx_word' id='word_1_71' title='bbox 2553 1116 2570 1145; x_wconf 86' lang='lat'>‘</span> <span class='ocrx_word' id='word_1_72' title='bbox 2591 1112 2812 1185; x_wconf 78' lang='lat' dir='ltr'>Quaeso</span> 
     </span>
     <span class='ocr_line' id='line_1_9' title="bbox 634 1204 2810 1285; baseline -0 -19"><span class='ocrx_word' id='word_1_73' title='bbox 634 1206 886 1285; x_wconf 81' lang='lat' dir='ltr'>oedepol,</span> <span class='ocrx_word' id='word_1_74' title='bbox 927 1204 1201 1275; x_wconf 83' lang='lat' dir='ltr'>Charine,</span> <span class='ocrx_word' id='word_1_75' title='bbox 1246 1204 1520 1283; x_wconf 88' lang='lat' dir='ltr'>quoniam</span> <span class='ocrx_word' id='word_1_76' title='bbox 1569 1204 1633 1263; x_wconf 89' lang='lat' dir='ltr'>id</span> <span class='ocrx_word' id='word_1_77' title='bbox 1680 1204 1822 1275; x_wconf 83' lang='lat' dir='ltr'>fieri,</span> <span class='ocrx_word' id='word_1_78' title='bbox 1872 1204 2030 1282; x_wconf 88' lang='lat' dir='ltr'>quod</span> <span class='ocrx_word' id='word_1_79' title='bbox 2061 1204 2171 1277; x_wconf 83' lang='lat' dir='ltr'>vis,</span> <span class='ocrx_word' id='word_1_80' title='bbox 2219 1226 2336 1265; x_wconf 88' lang='lat' dir='ltr'>non</span> <span class='ocrx_word' id='word_1_81' title='bbox 2386 1217 2604 1285; x_wconf 87' lang='lat' dir='ltr'>potest,</span> <span class='ocrx_word' id='word_1_82' title='bbox 2647 1208 2810 1267; x_wconf 83' lang='lat' dir='ltr'>Velis</span> 
     </span>
     <span class='ocr_line' id='line_1_10' title="bbox 632 1298 2814 1383; baseline 0 -22"><span class='ocrx_word' id='word_1_83' title='bbox 632 1301 793 1381; x_wconf 89' lang='lat' dir='ltr'>quod</span> <span class='ocrx_word' id='word_1_84' title='bbox 838 1301 1063 1381; x_wconf 78' lang='lat' dir='ltr'>possit:</span> <span class='ocrx_word' id='word_1_85' title='bbox 1126 1299 1264 1359; x_wconf 90' lang='lat' dir='ltr'>nihil</span> <span class='ocrx_word' id='word_1_86' title='bbox 1316 1298 1476 1359; x_wconf 90' lang='lat' dir='ltr'>aliud</span> <span class='ocrx_word' id='word_1_87' title='bbox 1524 1300 1640 1359; x_wconf 87' lang='lat' dir='ltr'>nisi</span> <span class='ocrx_word' id='word_1_88' title='bbox 1683 1299 2088 1359; x_wconf 83' lang='lat' dir='ltr'>Philumenam</span> <span class='ocrx_word' id='word_1_89' title='bbox 2135 1301 2312 1361; x_wconf 68' lang='lat' dir='ltr'>volo,⁸</span> <span class='ocrx_word' id='word_1_90' title='bbox 2392 1303 2583 1363; x_wconf 91' lang='lat' dir='ltr'>Etiam</span> <span class='ocrx_word' id='word_1_91' title='bbox 2621 1306 2814 1383; x_wconf 83' lang='lat' dir='ltr'>priore</span> 
     </span>
     <span class='ocr_line' id='line_1_11' title="bbox 632 1395 2812 1475; baseline 0 -18"><span class='ocrx_word' id='word_1_92' title='bbox 632 1397 881 1458; x_wconf 86' lang='lat' dir='ltr'>consilio</span> <span class='ocrx_word' id='word_1_93' title='bbox 933 1407 1359 1458; x_wconf 89' lang='lat' dir='ltr'>monometrum</span> <span class='ocrx_word' id='word_1_94' title='bbox 1385 1404 1561 1455; x_wconf 86' lang='lat' dir='ltr'>vocat</span> <span class='ocrx_word' id='word_1_95' title='bbox 1609 1395 1812 1456; x_wconf 88' lang='lat' dir='ltr'>illum:</span> <span class='ocrx_word' id='word_1_96' title='bbox 1875 1396 2006 1454; x_wconf 88' lang='lat' dir='ltr'>‘Ah</span> <span class='ocrx_word' id='word_1_97' title='bbox 2037 1407 2258 1475; x_wconf 88' lang='lat' dir='ltr'>quanto</span> <span class='ocrx_word' id='word_1_98' title='bbox 2282 1400 2468 1458; x_wconf 83' lang='lat' dir='ltr'>satius</span> <span class='ocrx_word' id='word_1_99' title='bbox 2495 1401 2624 1459; x_wconf 86' lang='lat' dir='ltr'>est.’</span> <span class='ocrx_word' id='word_1_100' title='bbox 2708 1399 2812 1458; x_wconf 92' lang='lat' dir='ltr'>Di-</span> 
     </span>
     <span class='ocr_line' id='line_1_12' title="bbox 632 1490 2814 1571; baseline 0.002 -22"><span class='ocrx_word' id='word_1_101' title='bbox 632 1502 816 1551; x_wconf 87' lang='lat' dir='ltr'>meter</span> <span class='ocrx_word' id='word_1_102' title='bbox 842 1494 995 1552; x_wconf 90' lang='lat' dir='ltr'>enim</span> <span class='ocrx_word' id='word_1_103' title='bbox 1023 1504 1117 1553; x_wconf 90' lang='lat' dir='ltr'>est</span> <span class='ocrx_word' id='word_1_104' title='bbox 1162 1490 1784 1571; x_wconf 79' lang='lat' dir='ltr'>brachycatalecticus.</span> <span class='ocrx_word' id='word_1_105' title='bbox 1869 1491 1988 1551; x_wconf 90' lang='lat' dir='ltr'>Sed</span> <span class='ocrx_word' id='word_1_106' title='bbox 2027 1504 2088 1553; x_wconf 88' lang='lat' dir='ltr'>et</span> <span class='ocrx_word' id='word_1_107' title='bbox 2115 1492 2280 1553; x_wconf 86' lang='lat' dir='ltr'>nulla</span> <span class='ocrx_word' id='word_1_108' title='bbox 2305 1496 2658 1555; x_wconf 77' lang='lat' dir='ltr'>necessitate</span> <span class='ocrx_word' id='word_1_109' title='bbox 2685 1514 2814 1554; x_wconf 89' lang='lat' dir='ltr'>mu-</span> 
     </span>
     <span class='ocr_line' id='line_1_13' title="bbox 633 1588 2816 1669; baseline 0.001 -19"><span class='ocrx_word' id='word_1_110' title='bbox 633 1600 744 1662; x_wconf 77' lang='lat' dir='ltr'>tat,</span> <span class='ocrx_word' id='word_1_111' title='bbox 772 1589 887 1661; x_wconf 90' lang='lat' dir='ltr'>abi,</span> <span class='ocrx_word' id='word_1_112' title='bbox 932 1588 1011 1662; x_wconf 88' lang='lat' dir='ltr'>in,</span> <span class='ocrx_word' id='word_1_113' title='bbox 1042 1589 1216 1660; x_wconf 84' lang='lat' dir='ltr'>abin&#39;,</span> <span class='ocrx_word' id='word_1_114' title='bbox 1264 1590 1408 1656; x_wconf 84' lang='lat' dir='ltr'>sive,</span> <span class='ocrx_word' id='word_1_115' title='bbox 1438 1590 1641 1660; x_wconf 88' lang='lat' dir='ltr'>abeas,</span> <span class='ocrx_word' id='word_1_116' title='bbox 1683 1607 1816 1647; x_wconf 88' lang='lat' dir='ltr'>cum</span> <span class='ocrx_word' id='word_1_117' title='bbox 1845 1589 2063 1647; x_wconf 85' lang='lat' dir='ltr'>frustra</span> <span class='ocrx_word' id='word_1_118' title='bbox 2089 1599 2261 1669; x_wconf 85' lang='lat' dir='ltr'>putat</span> <span class='ocrx_word' id='word_1_119' title='bbox 2301 1590 2519 1668; x_wconf 81' lang='lat' dir='ltr'>alioqui</span> <span class='ocrx_word' id='word_1_120' title='bbox 2545 1602 2816 1653; x_wconf 81' lang='lat' dir='ltr'>constare</span> 
     </span>
     <span class='ocr_line' id='line_1_14' title="bbox 634 1683 2816 1765; baseline 0.001 -20"><span class='ocrx_word' id='word_1_121' title='bbox 634 1705 753 1745; x_wconf 87' lang='lat' dir='ltr'>non</span> <span class='ocrx_word' id='word_1_122' title='bbox 785 1705 959 1765; x_wconf 88' lang='lat' dir='ltr'>posse</span> <span class='ocrx_word' id='word_1_123' title='bbox 988 1705 1241 1746; x_wconf 84' lang='lat' dir='ltr'>versum.</span> <span class='ocrx_word' id='word_1_124' title='bbox 1326 1684 1481 1743; x_wconf 87' lang='lat' dir='ltr'>Nam</span> <span class='ocrx_word' id='word_1_125' title='bbox 1526 1693 1588 1743; x_wconf 85' lang='lat' dir='ltr'>et</span> <span class='ocrx_word' id='word_1_126' title='bbox 1623 1683 1955 1743; x_wconf 77' lang='lat' dir='ltr'>trochaicus</span> <span class='ocrx_word' id='word_1_127' title='bbox 2007 1694 2118 1756; x_wconf 87' lang='lat' dir='ltr'>est,</span> <span class='ocrx_word' id='word_1_128' title='bbox 2167 1684 2214 1743; x_wconf 86' lang='lat' dir='ltr'>si</span> <span class='ocrx_word' id='word_1_129' title='bbox 2255 1683 2546 1752; x_wconf 81' lang='lat' dir='ltr'>collidas:</span> <span class='ocrx_word' id='word_1_130' title='bbox 2589 1699 2648 1746; x_wconf 88' lang='lat' dir='ltr'>et</span> <span class='ocrx_word' id='word_1_131' title='bbox 2673 1688 2816 1749; x_wconf 86' lang='lat' dir='ltr'>iam-</span> 
     </span>
     <span class='ocr_line' id='line_1_15' title="bbox 633 1780 2813 1863; baseline 0.002 -22"><span class='ocrx_word' id='word_1_132' title='bbox 633 1782 823 1853; x_wconf 87' lang='lat' dir='ltr'>bicus,</span> <span class='ocrx_word' id='word_1_133' title='bbox 872 1782 918 1839; x_wconf 87' lang='lat' dir='ltr'>si</span> <span class='ocrx_word' id='word_1_134' title='bbox 968 1800 1085 1841; x_wconf 91' lang='lat' dir='ltr'>non</span> <span class='ocrx_word' id='word_1_135' title='bbox 1129 1780 1412 1841; x_wconf 84' lang='lat' dir='ltr'>collidas:</span> <span class='ocrx_word' id='word_1_136' title='bbox 1476 1799 1613 1839; x_wconf 88' lang='lat' dir='ltr'>nam</span> <span class='ocrx_word' id='word_1_137' title='bbox 1654 1789 1716 1839; x_wconf 89' lang='lat' dir='ltr'>et</span> <span class='ocrx_word' id='word_1_138' title='bbox 1739 1780 1993 1839; x_wconf 89' lang='lat' dir='ltr'>maxima</span> <span class='ocrx_word' id='word_1_139' title='bbox 2021 1790 2118 1840; x_wconf 86' lang='lat' dir='ltr'>est</span> <span class='ocrx_word' id='word_1_140' title='bbox 2141 1781 2230 1841; x_wconf 79' lang='lat' dir='ltr'>vis</span> <span class='ocrx_word' id='word_1_141' title='bbox 2274 1781 2401 1859; x_wconf 88' lang='lat' dir='ltr'>ejus</span> <span class='ocrx_word' id='word_1_142' title='bbox 2430 1782 2650 1843; x_wconf 80' lang='lat' dir='ltr'>vocalis</span> <span class='ocrx_word' id='word_1_143' title='bbox 2678 1804 2813 1863; x_wconf 76' lang='lat' dir='ltr'>quae</span> 
     </span>
     <span class='ocr_line' id='line_1_16' title="bbox 632 1875 2814 1957; baseline 0 -19"><span class='ocrx_word' id='word_1_144' title='bbox 632 1889 729 1938; x_wconf 86' lang='lat' dir='ltr'>est</span> <span class='ocrx_word' id='word_1_145' title='bbox 756 1877 961 1937; x_wconf 88' lang='lat' dir='ltr'>ultima</span> <span class='ocrx_word' id='word_1_146' title='bbox 984 1878 1044 1935; x_wconf 90' lang='lat' dir='ltr'>in</span> <span class='ocrx_word' id='word_1_147' title='bbox 1069 1879 1268 1949; x_wconf 81' lang='lat' dir='ltr'>verb0,</span> <span class='ocrx_word' id='word_1_148' title='bbox 1298 1876 1410 1936; x_wconf 83' lang='lat' dir='ltr'>abi.</span> <span class='ocrx_word' id='word_1_149' title='bbox 1496 1877 1597 1937; x_wconf 92' lang='lat' dir='ltr'>Sic</span> <span class='ocrx_word' id='word_1_150' title='bbox 1625 1875 1927 1956; x_wconf 83' lang='lat' dir='ltr'>Virgilius,</span> <span class='ocrx_word' id='word_1_151' title='bbox 1955 1896 2028 1937; x_wconf 91' lang='lat' dir='ltr'>eo</span> <span class='ocrx_word' id='word_1_152' title='bbox 2055 1876 2446 1954; x_wconf 87' lang='lat' dir='ltr'>pulcherrimo</span> <span class='ocrx_word' id='word_1_153' title='bbox 2473 1897 2666 1951; x_wconf 85' lang='lat' dir='ltr'>versu,</span> <span class='ocrx_word' id='word_1_154' title='bbox 2695 1898 2814 1957; x_wconf 86' lang='lat' dir='ltr'>quo</span> 
     </span>
     <span class='ocr_line' id='line_1_17' title="bbox 634 1972 2820 2053; baseline 0.001 -20"><span class='ocrx_word' id='word_1_155' title='bbox 634 1972 1007 2034; x_wconf 83' lang='lat' dir='ltr'>Theocritum</span> <span class='ocrx_word' id='word_1_156' title='bbox 1038 1973 1353 2033; x_wconf 84' lang='lat' dir='ltr'>oemulatus</span> <span class='ocrx_word' id='word_1_157' title='bbox 1383 1982 1513 2032; x_wconf 83' lang='lat' dir='ltr'>est:</span> <span class='ocrx_word' id='word_1_158' title='bbox 1559 1979 1575 2006; x_wconf 89' lang='lat'>‘</span> <span class='ocrx_word' id='word_1_159' title='bbox 1598 1974 1679 2031; x_wconf 91' lang='lat' dir='ltr'>Ut</span> <span class='ocrx_word' id='word_1_160' title='bbox 1706 1972 1846 2045; x_wconf 83' lang='lat' dir='ltr'>vidi,</span> <span class='ocrx_word' id='word_1_161' title='bbox 1868 1984 1934 2033; x_wconf 83' lang='lat' dir='ltr'>ut</span> <span class='ocrx_word' id='word_1_162' title='bbox 1954 1972 2221 2053; x_wconf 77' lang='lat' dir='ltr'>perii,&#39;ut</span> <span class='ocrx_word' id='word_1_163' title='bbox 2245 1994 2339 2033; x_wconf 90' lang='lat' dir='ltr'>me</span> <span class='ocrx_word' id='word_1_164' title='bbox 2364 1974 2553 2034; x_wconf 88' lang='lat' dir='ltr'>malus</span> <span class='ocrx_word' id='word_1_165' title='bbox 2577 1975 2820 2035; x_wconf 84' lang='lat' dir='ltr'>abstulit</span> 
     </span>
     <span class='ocr_line' id='line_1_18' title="bbox 632 2068 2818 2149; baseline 0.001 -20"><span class='ocrx_word' id='word_1_166' title='bbox 632 2069 832 2130; x_wconf 63' lang='lat' dir='ltr'>error!</span> <span class='ocrx_word' id='word_1_167' title='bbox 914 2070 992 2130; x_wconf 89' lang='lat' dir='ltr'>Et</span> <span class='ocrx_word' id='word_1_168' title='bbox 1038 2069 1318 2148; x_wconf 80' lang='lat' dir='ltr'>aspiratio</span> <span class='ocrx_word' id='word_1_169' title='bbox 1363 2069 1632 2148; x_wconf 90' lang='lat' dir='ltr'>prohibet</span> <span class='ocrx_word' id='word_1_170' title='bbox 1673 2069 2079 2129; x_wconf 79' lang='lat' dir='ltr'>collisionem:</span> <span class='ocrx_word' id='word_1_171' title='bbox 2125 2068 2296 2129; x_wconf 88' lang='lat' dir='ltr'>sicuti</span> <span class='ocrx_word' id='word_1_172' title='bbox 2344 2070 2462 2129; x_wconf 89' lang='lat' dir='ltr'>illi:</span> <span class='ocrx_word' id='word_1_173' title='bbox 2537 2078 2556 2105; x_wconf 78' lang='lat'><em>⁸</em></span> <span class='ocrx_word' id='word_1_174' title='bbox 2583 2071 2818 2149; x_wconf 80' lang='lat' dir='ltr'>Hecyra</span> 
     </span>
     <span class='ocr_line' id='line_1_19' title="bbox 632 2163 2898 2243; baseline -0.001 -17"><span class='ocrx_word' id='word_1_175' title='bbox 632 2176 726 2226; x_wconf 87' lang='lat' dir='ltr'>est</span> <span class='ocrx_word' id='word_1_176' title='bbox 779 2166 916 2225; x_wconf 88' lang='lat' dir='ltr'>huic</span> <span class='ocrx_word' id='word_1_177' title='bbox 962 2185 1175 2226; x_wconf 88' lang='lat' dir='ltr'>nomen</span> <span class='ocrx_word' id='word_1_178' title='bbox 1218 2164 1457 2237; x_wconf 64' lang='lat' dir='ltr'>fabule,</span> <span class='ocrx_word' id='word_1_179' title='bbox 1517 2164 1648 2224; x_wconf 83' lang='lat' dir='ltr'>haec</span> <span class='ocrx_word' id='word_1_180' title='bbox 1695 2184 1831 2223; x_wconf 87' lang='lat' dir='ltr'>cum</span> <span class='ocrx_word' id='word_1_181' title='bbox 1881 2163 2022 2223; x_wconf 83' lang='lat' dir='ltr'>data</span> <span class='ocrx_word' id='word_1_182' title='bbox 2067 2166 2199 2222; x_wconf 70' lang='lat' dir='ltr'>est!</span> <span class='ocrx_word' id='word_1_183' title='bbox 2279 2165 2375 2223; x_wconf 89' lang='lat' dir='ltr'>Sic</span> <span class='ocrx_word' id='word_1_184' title='bbox 2422 2165 2821 2243; x_wconf 82' lang='lat' dir='ltr'>imprudenter</span> <span class='ocrx_word' id='word_1_185' title='bbox 2893 2217 2898 2223; x_wconf 92' lang='lat'><em>.</em></span> 
     </span>
     <span class='ocr_line' id='line_1_20' title="bbox 631 2259 2816 2339; baseline 0 -20"><span class='ocrx_word' id='word_1_186' title='bbox 631 2261 808 2321; x_wconf 87' lang='lat' dir='ltr'>nimis</span> <span class='ocrx_word' id='word_1_187' title='bbox 837 2261 1003 2321; x_wconf 88' lang='lat' dir='ltr'>elidit</span> <span class='ocrx_word' id='word_1_188' title='bbox 1030 2261 1260 2321; x_wconf 79' lang='lat' dir='ltr'>sibilum</span> <span class='ocrx_word' id='word_1_189' title='bbox 1290 2281 1364 2321; x_wconf 88' lang='lat' dir='ltr'>ex</span> <span class='ocrx_word' id='word_1_190' title='bbox 1388 2262 1732 2339; x_wconf 84' lang='lat' dir='ltr'>pronomine</span> <span class='ocrx_word' id='word_1_191' title='bbox 1777 2259 1930 2319; x_wconf 87' lang='lat' dir='ltr'>illius</span> <span class='ocrx_word' id='word_1_192' title='bbox 1959 2278 2160 2319; x_wconf 85' lang='lat' dir='ltr'>versus</span> <span class='ocrx_word' id='word_1_193' title='bbox 2185 2279 2200 2317; x_wconf 89' lang='lat'><strong>:</strong></span> <span class='ocrx_word' id='word_1_194' title='bbox 2257 2267 2275 2294; x_wconf 87' lang='lat'>‘</span> <span class='ocrx_word' id='word_1_195' title='bbox 2297 2260 2417 2318; x_wconf 89' lang='lat' dir='ltr'>Sed</span> <span class='ocrx_word' id='word_1_196' title='bbox 2457 2259 2614 2318; x_wconf 86' lang='lat' dir='ltr'>istud</span> <span class='ocrx_word' id='word_1_197' title='bbox 2644 2259 2816 2339; x_wconf 89' lang='lat' dir='ltr'>quid-</span> 
     </span>
     <span class='ocr_line' id='line_1_21' title="bbox 636 2352 2816 2436; baseline -0.001 -19"><span class='ocrx_word' id='word_1_198' title='bbox 636 2376 774 2417; x_wconf 88' lang='lat' dir='ltr'>nam</span> <span class='ocrx_word' id='word_1_199' title='bbox 800 2356 939 2417; x_wconf 74' lang='lat' dir='ltr'>est?</span> <span class='ocrx_word' id='word_1_200' title='bbox 993 2357 1170 2417; x_wconf 87' lang='lat' dir='ltr'>hodie</span> <span class='ocrx_word' id='word_1_201' title='bbox 1212 2374 1453 2436; x_wconf 86' lang='lat' dir='ltr'>uxorem</span> <span class='ocrx_word' id='word_1_202' title='bbox 1497 2353 1716 2414; x_wconf 70' lang='lat' dir='ltr'>ducis?</span> <span class='ocrx_word' id='word_1_203' title='bbox 1779 2354 1962 2414; x_wconf 89' lang='lat' dir='ltr'>aiunt.</span> <span class='ocrx_word' id='word_1_204' title='bbox 2044 2352 2396 2432; x_wconf 66' lang='lat' dir='ltr'>Pamphile!</span> <span class='ocrx_word' id='word_1_205' title='bbox 2475 2354 2588 2422; x_wconf 86' lang='lat' dir='ltr'>Qui</span> <span class='ocrx_word' id='word_1_206' title='bbox 2619 2364 2816 2415; x_wconf 88' lang='lat' dir='ltr'>tamen</span> 
     </span>
     <span class='ocr_line' id='line_1_22' title="bbox 636 2450 2820 2530; baseline -0.001 -19"><span class='ocrx_word' id='word_1_207' title='bbox 636 2452 1088 2512; x_wconf 73' lang='lat' dir='ltr'>rotundissimus</span> <span class='ocrx_word' id='word_1_208' title='bbox 1120 2451 1198 2511; x_wconf 88' lang='lat' dir='ltr'>sit</span> <span class='ocrx_word' id='word_1_209' title='bbox 1222 2452 1584 2521; x_wconf 86' lang='lat' dir='ltr'>octonarius,</span> <span class='ocrx_word' id='word_1_210' title='bbox 1627 2468 1822 2529; x_wconf 89' lang='lat' dir='ltr'>neque</span> <span class='ocrx_word' id='word_1_211' title='bbox 1851 2468 2104 2527; x_wconf 87' lang='lat' dir='ltr'>usquam</span> <span class='ocrx_word' id='word_1_212' title='bbox 2129 2458 2392 2509; x_wconf 88' lang='lat' dir='ltr'>coactus.</span> <span class='ocrx_word' id='word_1_213' title='bbox 2478 2450 2629 2509; x_wconf 89' lang='lat' dir='ltr'>Nam</span> <span class='ocrx_word' id='word_1_214' title='bbox 2657 2450 2820 2530; x_wconf 87' lang='lat' dir='ltr'>quod</span> 
     </span>
     <span class='ocr_line' id='line_1_23' title="bbox 642 2542 2816 2626; baseline -0.001 -18"><span class='ocrx_word' id='word_1_215' title='bbox 642 2561 863 2622; x_wconf 87' lang='lat' dir='ltr'>monet,</span> <span class='ocrx_word' id='word_1_216' title='bbox 904 2550 965 2607; x_wconf 89' lang='lat' dir='ltr'>in</span> <span class='ocrx_word' id='word_1_217' title='bbox 1010 2548 1265 2620; x_wconf 89' lang='lat' dir='ltr'>nomine,</span> <span class='ocrx_word' id='word_1_218' title='bbox 1314 2545 1591 2626; x_wconf 87' lang='lat' dir='ltr'>suspicio,</span> <span class='ocrx_word' id='word_1_219' title='bbox 1642 2545 1870 2605; x_wconf 85' lang='lat' dir='ltr'>tertiam</span> <span class='ocrx_word' id='word_1_220' title='bbox 1911 2562 1948 2603; x_wconf 90' lang='lat' dir='ltr'>a</span> <span class='ocrx_word' id='word_1_221' title='bbox 1973 2545 2090 2603; x_wconf 85' lang='lat' dir='ltr'>fine</span> <span class='ocrx_word' id='word_1_222' title='bbox 2131 2542 2398 2623; x_wconf 87' lang='lat' dir='ltr'>produci,</span> <span class='ocrx_word' id='word_1_223' title='bbox 2443 2563 2644 2604; x_wconf 84' lang='lat' dir='ltr'>verum</span> <span class='ocrx_word' id='word_1_224' title='bbox 2684 2556 2816 2606; x_wconf 85' lang='lat' dir='ltr'>est:</span> 
     </span>
     <span class='ocr_line' id='line_1_24' title="bbox 634 2640 2820 2725; baseline -0.003 -19"><span class='ocrx_word' id='word_1_225' title='bbox 634 2646 745 2706; x_wconf 85' lang='lat' dir='ltr'>sed</span> <span class='ocrx_word' id='word_1_226' title='bbox 800 2664 990 2725; x_wconf 84' lang='lat' dir='ltr'>neque</span> <span class='ocrx_word' id='word_1_227' title='bbox 1044 2662 1195 2704; x_wconf 85' lang='lat' dir='ltr'>nova</span> <span class='ocrx_word' id='word_1_228' title='bbox 1249 2660 1365 2715; x_wconf 85' lang='lat' dir='ltr'>res,</span> <span class='ocrx_word' id='word_1_229' title='bbox 1415 2661 1607 2721; x_wconf 87' lang='lat' dir='ltr'>neque</span> <span class='ocrx_word' id='word_1_230' title='bbox 1653 2642 1780 2699; x_wconf 85' lang='lat' dir='ltr'>sine</span> <span class='ocrx_word' id='word_1_231' title='bbox 1823 2640 2081 2709; x_wconf 87' lang='lat' dir='ltr'>ratione;</span> <span class='ocrx_word' id='word_1_232' title='bbox 2155 2658 2290 2699; x_wconf 91' lang='lat' dir='ltr'>nam</span> <span class='ocrx_word' id='word_1_233' title='bbox 2332 2650 2395 2699; x_wconf 83' lang='lat' dir='ltr'>et</span> <span class='ocrx_word' id='word_1_234' title='bbox 2448 2640 2696 2703; x_wconf 87' lang='lat' dir='ltr'>Plautus</span> <span class='ocrx_word' id='word_1_235' title='bbox 2735 2643 2820 2702; x_wconf 84' lang='lat' dir='ltr'>ita</span> 
     </span>
     <span class='ocr_line' id='line_1_25' title="bbox 636 2736 2814 2824; baseline -0.002 -22"><span class='ocrx_word' id='word_1_236' title='bbox 636 2742 902 2824; x_wconf 75' lang='lat' dir='ltr'>scripsit:</span> <span class='ocrx_word' id='word_1_237' title='bbox 974 2746 992 2777; x_wconf 85' lang='lat'>‘</span> <span class='ocrx_word' id='word_1_238' title='bbox 1018 2740 1096 2800; x_wconf 89' lang='lat' dir='ltr'>Et</span> <span class='ocrx_word' id='word_1_239' title='bbox 1149 2760 1223 2801; x_wconf 88' lang='lat' dir='ltr'>ne</span> <span class='ocrx_word' id='word_1_240' title='bbox 1276 2739 1337 2798; x_wconf 89' lang='lat' dir='ltr'>in</span> <span class='ocrx_word' id='word_1_241' title='bbox 1368 2737 1706 2817; x_wconf 81' lang='lat' dir='ltr'>suspicione</span> <span class='ocrx_word' id='word_1_242' title='bbox 1761 2747 2015 2815; x_wconf 86' lang='lat' dir='ltr'>ponatur</span> <span class='ocrx_word' id='word_1_243' title='bbox 2067 2737 2275 2816; x_wconf 83' lang='lat' dir='ltr'>stupri,</span> <span class='ocrx_word' id='word_1_244' title='bbox 2332 2736 2409 2795; x_wconf 87' lang='lat' dir='ltr'>Et</span> <span class='ocrx_word' id='word_1_245' title='bbox 2443 2736 2814 2798; x_wconf 84' lang='lat' dir='ltr'>clandestina</span> 
     </span>
     <span class='ocr_line' id='line_1_26' title="bbox 634 2832 2816 2915; baseline -0.003 -17"><span class='ocrx_word' id='word_1_246' title='bbox 634 2849 705 2899; x_wconf 87' lang='lat' dir='ltr'>ut</span> <span class='ocrx_word' id='word_1_247' title='bbox 748 2838 971 2899; x_wconf 88' lang='lat' dir='ltr'>celetur</span> <span class='ocrx_word' id='word_1_248' title='bbox 1022 2835 1322 2915; x_wconf 62' lang='lat' dir='ltr'>suspicio!</span> <span class='ocrx_word' id='word_1_249' title='bbox 1438 2834 1517 2893; x_wconf 88' lang='lat' dir='ltr'>Et</span> <span class='ocrx_word' id='word_1_250' title='bbox 1571 2834 1716 2894; x_wconf 90' lang='lat' dir='ltr'>satis</span> <span class='ocrx_word' id='word_1_251' title='bbox 1785 2832 1969 2911; x_wconf 89' lang='lat' dir='ltr'>liquet</span> <span class='ocrx_word' id='word_1_252' title='bbox 2021 2832 2314 2893; x_wconf 77' lang='lat' dir='ltr'>coaluisse</span> <span class='ocrx_word' id='word_1_253' title='bbox 2374 2834 2524 2892; x_wconf 89' lang='lat' dir='ltr'>duas</span> <span class='ocrx_word' id='word_1_254' title='bbox 2579 2834 2816 2894; x_wconf 82' lang='lat' dir='ltr'>vocales</span> 
     </span>
     <span class='ocr_line' id='line_1_27' title="bbox 618 2916 2815 3011; baseline -0.002 -18"><span class='ocrx_word' id='word_1_255' title='bbox 618 2916 697 2993; x_wconf 37' lang='lat' dir='ltr'>&#39;in</span> <span class='ocrx_word' id='word_1_256' title='bbox 748 2954 948 2995; x_wconf 89' lang='lat' dir='ltr'>unam.</span> <span class='ocrx_word' id='word_1_257' title='bbox 1058 2932 1329 3011; x_wconf 81' lang='lat' dir='ltr'>Namque</span> <span class='ocrx_word' id='word_1_258' title='bbox 1390 2932 1465 2991; x_wconf 92' lang='lat' dir='ltr'>ab</span> <span class='ocrx_word' id='word_1_259' title='bbox 1510 2949 1603 3003; x_wconf 87' lang='lat' dir='ltr'>eo,</span> <span class='ocrx_word' id='word_1_260' title='bbox 1657 2930 1820 3009; x_wconf 90' lang='lat' dir='ltr'>quod</span> <span class='ocrx_word' id='word_1_261' title='bbox 1881 2938 2044 2990; x_wconf 84' lang='lat' dir='ltr'>esset</span> <span class='ocrx_word' id='word_1_262' title='bbox 2101 2928 2468 3008; x_wconf 86' lang='lat' dir='ltr'>suspicitnm,</span> <span class='ocrx_word' id='word_1_263' title='bbox 2510 2929 2815 3009; x_wconf 87' lang='lat' dir='ltr'>suspicitio</span> 
     </span>
     <span class='ocr_line' id='line_1_28' title="bbox 622 3025 2814 3109; baseline -0.002 -20"><span class='ocrx_word' id='word_1_264' title='bbox 622 3028 779 3091; x_wconf 74' lang='lat' dir='ltr'>&#39;suitt</span> <span class='ocrx_word' id='word_1_265' title='bbox 841 3029 1060 3109; x_wconf 84' lang='lat' dir='ltr'>itaque,</span> <span class='ocrx_word' id='word_1_266' title='bbox 1108 3047 1243 3088; x_wconf 92' lang='lat' dir='ltr'>cum</span> <span class='ocrx_word' id='word_1_267' title='bbox 1282 3025 1389 3087; x_wconf 86' lang='lat' dir='ltr'>erit</span> <span class='ocrx_word' id='word_1_268' title='bbox 1445 3026 1661 3099; x_wconf 87' lang='lat' dir='ltr'>brevis,</span> <span class='ocrx_word' id='word_1_269' title='bbox 1714 3036 1856 3087; x_wconf 88' lang='lat' dir='ltr'>tunc</span> <span class='ocrx_word' id='word_1_270' title='bbox 1900 3025 2262 3104; x_wconf 77' lang='lat' dir='ltr'>intelligetur</span> <span class='ocrx_word' id='word_1_271' title='bbox 2316 3044 2616 3105; x_wconf 75' lang='lat' dir='ltr'>syncopez</span> <span class='ocrx_word' id='word_1_272' title='bbox 2677 3038 2814 3086; x_wconf 81' lang='lat' dir='ltr'>&#39;cum</span> 
     </span>
     <span class='ocr_line' id='line_1_29' title="bbox 635 3120 2814 3205; baseline -0.002 -20"><span class='ocrx_word' id='word_1_273' title='bbox 635 3126 837 3205; x_wconf 85' lang='lat' dir='ltr'>longa,</span> <span class='ocrx_word' id='word_1_274' title='bbox 882 3126 1225 3205; x_wconf 76' lang='lat' dir='ltr'>synaeresis:</span> <span class='ocrx_word' id='word_1_275' title='bbox 1290 3126 1381 3182; x_wconf 83' lang='lat' dir='ltr'>ex&#39;</span> <span class='ocrx_word' id='word_1_276' title='bbox 1418 3141 1491 3181; x_wconf 88' lang='lat' dir='ltr'>eo</span> <span class='ocrx_word' id='word_1_277' title='bbox 1538 3141 1776 3200; x_wconf 90' lang='lat' dir='ltr'>quoqne</span> <span class='ocrx_word' id='word_1_278' title='bbox 1826 3140 1997 3181; x_wconf 82' lang='lat' dir='ltr'>versu</span> <span class='ocrx_word' id='word_1_279' title='bbox 2056 3122 2118 3179; x_wconf 89' lang='lat' dir='ltr'>in</span> <span class='ocrx_word' id='word_1_280' title='bbox 2161 3120 2424 3180; x_wconf 82' lang='lat' dir='ltr'>Andria:</span> <span class='ocrx_word' id='word_1_281' title='bbox 2504 3128 2520 3156; x_wconf 89' lang='lat'>‘</span> <span class='ocrx_word' id='word_1_282' title='bbox 2547 3123 2638 3180; x_wconf 85' lang='lat' dir='ltr'>An</span> <span class='ocrx_word' id='word_1_283' title='bbox 2697 3140 2814 3183; x_wconf 89' lang='lat' dir='ltr'>non</span> 
     </span>
     <span class='ocr_line' id='line_1_30' title="bbox 634 3216 2821 3296; baseline -0.001 -17"><span class='ocrx_word' id='word_1_284' title='bbox 634 3219 759 3280; x_wconf 86' lang='lat' dir='ltr'>dixi</span> <span class='ocrx_word' id='word_1_285' title='bbox 786 3220 900 3279; x_wconf 91' lang='lat' dir='ltr'>hoc</span> <span class='ocrx_word' id='word_1_286' title='bbox 932 3238 1065 3279; x_wconf 89' lang='lat' dir='ltr'>esse</span> <span class='ocrx_word' id='word_1_287' title='bbox 1092 3216 1396 3278; x_wconf 75' lang='lat' dir='ltr'>futurum?</span> <span class='ocrx_word' id='word_1_288' title='bbox 1437 3216 1586 3275; x_wconf 86' lang='lat' dir='ltr'>dixti</span> <span class='ocrx_word' id='word_1_289' title='bbox 1627 3216 1770 3296; x_wconf 88' lang='lat' dir='ltr'>quid</span> <span class='ocrx_word' id='word_1_290' title='bbox 1817 3216 2054 3276; x_wconf 88' lang='lat' dir='ltr'>meritus</span> <span class='ocrx_word' id='word_1_291' title='bbox 2103 3216 2215 3276; x_wconf 67' lang='lat' dir='ltr'>es?</span> <span class='ocrx_word' id='word_1_292' title='bbox 2257 3218 2530 3275; x_wconf 87' lang='lat' dir='ltr'>crucem.’</span> <span class='ocrx_word' id='word_1_293' title='bbox 2599 3216 2821 3276; x_wconf 84' lang='lat' dir='ltr'>Prisci-</span> 
     </span>
     <span class='ocr_line' id='line_1_31' title="bbox 636 3311 2818 3379; baseline 0 -6"><span class='ocrx_word' id='word_1_294' title='bbox 636 3316 735 3374; x_wconf 88' lang='lat' dir='ltr'>ani</span> <span class='ocrx_word' id='word_1_295' title='bbox 791 3314 1137 3375; x_wconf 84' lang='lat' dir='ltr'>auctoritate</span> <span class='ocrx_word' id='word_1_296' title='bbox 1190 3312 1333 3373; x_wconf 82' lang='lat' dir='ltr'>dicit</span> <span class='ocrx_word' id='word_1_297' title='bbox 1387 3312 1513 3372; x_wconf 88' lang='lat' dir='ltr'>tolli</span> <span class='ocrx_word' id='word_1_298' title='bbox 1566 3314 1802 3373; x_wconf 84' lang='lat' dir='ltr'>verbum</span> <span class='ocrx_word' id='word_1_299' title='bbox 1843 3311 2308 3373; x_wconf 60' lang='lat' dir='ltr'>substantivum«</span> <span class='ocrx_word' id='word_1_300' title='bbox 2400 3311 2534 3379; x_wconf 84' lang='lat' dir='ltr'>Quo</span> <span class='ocrx_word' id='word_1_301' title='bbox 2577 3312 2636 3370; x_wconf 91' lang='lat' dir='ltr'>in</span> <span class='ocrx_word' id='word_1_302' title='bbox 2683 3312 2818 3374; x_wconf 90' lang='lat' dir='ltr'>loco</span> 
     </span>
     <span class='ocr_line' id='line_1_32' title="bbox 634 3405 2818 3489; baseline -0 -19"><span class='ocrx_word' id='word_1_303' title='bbox 634 3408 774 3470; x_wconf 88' lang='lat' dir='ltr'>mihi</span> <span class='ocrx_word' id='word_1_304' title='bbox 802 3411 1058 3470; x_wconf 86' lang='lat' dir='ltr'>oblatam</span> <span class='ocrx_word' id='word_1_305' title='bbox 1090 3411 1339 3469; x_wconf 88' lang='lat' dir='ltr'>sentiam</span> <span class='ocrx_word' id='word_1_306' title='bbox 1370 3409 1742 3469; x_wconf 84' lang='lat' dir='ltr'>occasionem</span> <span class='ocrx_word' id='word_1_307' title='bbox 1784 3407 1937 3468; x_wconf 89' lang='lat' dir='ltr'>duos</span> <span class='ocrx_word' id='word_1_308' title='bbox 1965 3407 2137 3467; x_wconf 79' lang='lat' dir='ltr'>simul</span> <span class='ocrx_word' id='word_1_309' title='bbox 2177 3405 2529 3466; x_wconf 89' lang='lat' dir='ltr'>emendandi</span> <span class='ocrx_word' id='word_1_310' title='bbox 2569 3422 2818 3489; x_wconf 83' lang='lat' dir='ltr'>magnos</span> 
     </span>
     <span class='ocr_line' id='line_1_33' title="bbox 637 3501 2822 3585; baseline 0.001 -20"><span class='ocrx_word' id='word_1_311' title='bbox 637 3506 832 3565; x_wconf 81' lang='lat' dir='ltr'>viros:</span> <span class='ocrx_word' id='word_1_312' title='bbox 874 3505 1033 3566; x_wconf 88' lang='lat' dir='ltr'>illum</span> <span class='ocrx_word' id='word_1_313' title='bbox 1064 3506 1165 3585; x_wconf 89' lang='lat' dir='ltr'>qui</span> <span class='ocrx_word' id='word_1_314' title='bbox 1192 3504 1413 3577; x_wconf 84' lang='lat' dir='ltr'>errarit,</span> <span class='ocrx_word' id='word_1_315' title='bbox 1455 3504 1616 3564; x_wconf 89' lang='lat' dir='ltr'>hnnc</span> <span class='ocrx_word' id='word_1_316' title='bbox 1657 3505 1760 3584; x_wconf 90' lang='lat' dir='ltr'>qni</span> <span class='ocrx_word' id='word_1_317' title='bbox 1789 3522 1905 3563; x_wconf 89' lang='lat' dir='ltr'>non</span> <span class='ocrx_word' id='word_1_318' title='bbox 1935 3501 2271 3563; x_wconf 81' lang='lat' dir='ltr'>correxerit.</span> <span class='ocrx_word' id='word_1_319' title='bbox 2357 3502 2466 3562; x_wconf 89' lang='lat' dir='ltr'>Est</span> <span class='ocrx_word' id='word_1_320' title='bbox 2491 3502 2645 3563; x_wconf 91' lang='lat' dir='ltr'>enim</span> <span class='ocrx_word' id='word_1_321' title='bbox 2673 3504 2822 3567; x_wconf 84' lang='lat' dir='ltr'>inte·</span> 
     </span>
     <span class='ocr_line' id='line_1_34' title="bbox 638 3597 2816 3680; baseline 0 -20"><span class='ocrx_word' id='word_1_322' title='bbox 638 3619 741 3680; x_wconf 85' lang='lat' dir='ltr'>ger</span> <span class='ocrx_word' id='word_1_323' title='bbox 768 3601 1123 3660; x_wconf 87' lang='lat' dir='ltr'>octonarius.</span> <span class='ocrx_word' id='word_1_324' title='bbox 1208 3599 1365 3659; x_wconf 86' lang='lat' dir='ltr'>Illud</span> <span class='ocrx_word' id='word_1_325' title='bbox 1416 3618 1553 3659; x_wconf 87' lang='lat' dir='ltr'>vero</span> <span class='ocrx_word' id='word_1_326' title='bbox 1600 3599 1729 3679; x_wconf 88' lang='lat' dir='ltr'>ejus</span> <span class='ocrx_word' id='word_1_327' title='bbox 1757 3600 2052 3678; x_wconf 86' lang='lat' dir='ltr'>proprium</span> <span class='ocrx_word' id='word_1_328' title='bbox 2099 3608 2212 3669; x_wconf 88' lang='lat' dir='ltr'>est,</span> <span class='ocrx_word' id='word_1_329' title='bbox 2255 3597 2426 3678; x_wconf 87' lang='lat' dir='ltr'>cujus</span> <span class='ocrx_word' id='word_1_330' title='bbox 2477 3599 2710 3679; x_wconf 89' lang='lat' dir='ltr'>culpam</span> <span class='ocrx_word' id='word_1_331' title='bbox 2757 3602 2816 3661; x_wconf 88' lang='lat' dir='ltr'>in</span> 
     </span>
     <span class='ocr_line' id='line_1_35' title="bbox 634 3694 2817 3776; baseline -0 -18"><span class='ocrx_word' id='word_1_332' title='bbox 634 3697 813 3758; x_wconf 87' lang='lat' dir='ltr'>alium</span> <span class='ocrx_word' id='word_1_333' title='bbox 844 3697 1159 3757; x_wconf 84' lang='lat' dir='ltr'>transferre</span> <span class='ocrx_word' id='word_1_334' title='bbox 1188 3716 1470 3776; x_wconf 83' lang='lat' dir='ltr'>nequeas.</span> <span class='ocrx_word' id='word_1_335' title='bbox 1553 3698 1708 3757; x_wconf 88' lang='lat' dir='ltr'>Nam</span> <span class='ocrx_word' id='word_1_336' title='bbox 1737 3696 1974 3755; x_wconf 85' lang='lat' dir='ltr'>verbum</span> <span class='ocrx_word' id='word_1_337' title='bbox 2005 3694 2454 3767; x_wconf 86' lang='lat' dir='ltr'>substantivum,</span> <span class='ocrx_word' id='word_1_338' title='bbox 2505 3694 2817 3769; x_wconf 83' lang='lat' dir='ltr'>affuerunt,</span> 
     </span>
     <span class='ocr_line' id='line_1_36' title="bbox 634 3792 2819 3874; baseline -0 -21"><span class='ocrx_word' id='word_1_339' title='bbox 634 3794 1003 3874; x_wconf 81' lang='lat' dir='ltr'>trisyllabum</span> <span class='ocrx_word' id='word_1_340' title='bbox 1049 3794 1350 3873; x_wconf 82' lang='lat' dir='ltr'>professus</span> <span class='ocrx_word' id='word_1_341' title='bbox 1399 3806 1492 3855; x_wconf 86' lang='lat' dir='ltr'>est</span> <span class='ocrx_word' id='word_1_342' title='bbox 1535 3813 1609 3855; x_wconf 88' lang='lat' dir='ltr'>eo</span> <span class='ocrx_word' id='word_1_343' title='bbox 1635 3812 1848 3853; x_wconf 83' lang='lat' dir='ltr'>versu:</span> <span class='ocrx_word' id='word_1_344' title='bbox 1912 3793 2102 3851; x_wconf 89' lang='lat' dir='ltr'>‘Cum</span> <span class='ocrx_word' id='word_1_345' title='bbox 2153 3792 2212 3850; x_wconf 92' lang='lat' dir='ltr'>in</span> <span class='ocrx_word' id='word_1_346' title='bbox 2260 3792 2548 3871; x_wconf 89' lang='lat' dir='ltr'>pariundo</span> <span class='ocrx_word' id='word_1_347' title='bbox 2593 3792 2819 3870; x_wconf 83' lang='lat' dir='ltr'>aliquot</span> 
     </span>
     <span class='ocr_line' id='line_1_37' title="bbox 638 3886 2816 3959; baseline -0.002 -8"><span class='ocrx_word' id='word_1_348' title='bbox 638 3890 933 3951; x_wconf 80' lang='lat' dir='ltr'>affuerunt</span> <span class='ocrx_word' id='word_1_349' title='bbox 958 3889 1202 3950; x_wconf 64' lang='lat' dir='ltr'>liberae!</span> <span class='ocrx_word' id='word_1_350' title='bbox 1282 3890 1396 3959; x_wconf 83' lang='lat' dir='ltr'>Qui</span> <span class='ocrx_word' id='word_1_351' title='bbox 1446 3900 1644 3951; x_wconf 87' lang='lat' dir='ltr'>tamen</span> <span class='ocrx_word' id='word_1_352' title='bbox 1687 3908 1890 3950; x_wconf 84' lang='lat' dir='ltr'>versus</span> <span class='ocrx_word' id='word_1_353' title='bbox 1937 3887 2200 3949; x_wconf 82' lang='lat' dir='ltr'>senarius</span> <span class='ocrx_word' id='word_1_354' title='bbox 2229 3888 2482 3946; x_wconf 87' lang='lat' dir='ltr'>iambum</span> <span class='ocrx_word' id='word_1_355' title='bbox 2533 3886 2712 3947; x_wconf 88' lang='lat' dir='ltr'>habet</span> <span class='ocrx_word' id='word_1_356' title='bbox 2756 3889 2816 3947; x_wconf 89' lang='lat' dir='ltr'>in</span> 
     </span>
     <span class='ocr_line' id='line_1_38' title="bbox 641 3983 2816 4065; baseline -0 -19"><span class='ocrx_word' id='word_1_357' title='bbox 641 3998 889 4065; x_wconf 86' lang='lat' dir='ltr'>quarta:</span> <span class='ocrx_word' id='word_1_358' title='bbox 948 3985 1226 4045; x_wconf 80' lang='lat' dir='ltr'>ferendus</span> <span class='ocrx_word' id='word_1_359' title='bbox 1280 3997 1479 4046; x_wconf 85' lang='lat' dir='ltr'>tamen</span> <span class='ocrx_word' id='word_1_360' title='bbox 1534 3996 1682 4047; x_wconf 82' lang='lat' dir='ltr'>erat·</span> <span class='ocrx_word' id='word_1_361' title='bbox 1712 3985 1881 4064; x_wconf 89' lang='lat' dir='ltr'>quasi</span> <span class='ocrx_word' id='word_1_362' title='bbox 1937 3986 2162 4063; x_wconf 81' lang='lat' dir='ltr'>lapsus,</span> <span class='ocrx_word' id='word_1_363' title='bbox 2219 3983 2331 4041; x_wconf 89' lang='lat' dir='ltr'>nisi</span> <span class='ocrx_word' id='word_1_364' title='bbox 2385 3984 2570 4041; x_wconf 87' lang='lat' dir='ltr'>altero</span> <span class='ocrx_word' id='word_1_365' title='bbox 2625 4002 2816 4045; x_wconf 86' lang='lat' dir='ltr'>errore</span> 
     </span>
     <span class='ocr_line' id='line_1_39' title="bbox 634 4078 2815 4160; baseline -0 -19"><span class='ocrx_word' id='word_1_366' title='bbox 634 4081 870 4160; x_wconf 90' lang='lat' dir='ltr'>culpam</span> <span class='ocrx_word' id='word_1_367' title='bbox 926 4079 1306 4152; x_wconf 85' lang='lat' dir='ltr'>cumulasset,</span> <span class='ocrx_word' id='word_1_368' title='bbox 1362 4101 1496 4142; x_wconf 88' lang='lat' dir='ltr'>cum</span> <span class='ocrx_word' id='word_1_369' title='bbox 1542 4082 1787 4160; x_wconf 86' lang='lat' dir='ltr'>primam</span> <span class='ocrx_word' id='word_1_370' title='bbox 1833 4080 2041 4140; x_wconf 80' lang='lat' dir='ltr'>auferri</span> <span class='ocrx_word' id='word_1_371' title='bbox 2089 4080 2259 4158; x_wconf 84' lang='lat' dir='ltr'>jubet</span> <span class='ocrx_word' id='word_1_372' title='bbox 2301 4078 2588 4159; x_wconf 80' lang='lat' dir='ltr'>syllabam</span> <span class='ocrx_word' id='word_1_373' title='bbox 2631 4099 2704 4138; x_wconf 86' lang='lat' dir='ltr'>ex</span> <span class='ocrx_word' id='word_1_374' title='bbox 2744 4098 2815 4140; x_wconf 85' lang='lat' dir='ltr'>eo</span> 
     </span>
     <span class='ocr_line' id='line_1_40' title="bbox 632 4173 2815 4257; baseline 0 -23"><span class='ocrx_word' id='word_1_375' title='bbox 632 4196 839 4236; x_wconf 78' lang='lat' dir='ltr'>versu:</span> <span class='ocrx_word' id='word_1_376' title='bbox 884 4176 1290 4257; x_wconf 74' lang='lat' dir='ltr'>Aufugistin’?</span> <span class='ocrx_word' id='word_1_377' title='bbox 1331 4178 1493 4251; x_wconf 86' lang='lat' dir='ltr'>hera,</span> <span class='ocrx_word' id='word_1_378' title='bbox 1516 4178 1775 4237; x_wconf 80' lang='lat' dir='ltr'>factum:</span> <span class='ocrx_word' id='word_1_379' title='bbox 1820 4176 1990 4235; x_wconf 88' lang='lat' dir='ltr'>satin’</span> <span class='ocrx_word' id='word_1_380' title='bbox 2017 4174 2078 4234; x_wconf 88' lang='lat' dir='ltr'>id</span> <span class='ocrx_word' id='word_1_381' title='bbox 2101 4176 2202 4234; x_wconf 91' lang='lat' dir='ltr'>tibi</span> <span class='ocrx_word' id='word_1_382' title='bbox 2233 4173 2474 4252; x_wconf 76' lang='lat' dir='ltr'>placet?</span> <span class='ocrx_word' id='word_1_383' title='bbox 2497 4174 2512 4198; x_wconf 77' lang='lat'><strong><em>⁹</em></strong></span> <span class='ocrx_word' id='word_1_384' title='bbox 2581 4174 2815 4253; x_wconf 84' lang='lat' dir='ltr'>Integer</span> 
     </span>
     <span class='ocr_line' id='line_1_41' title="bbox 635 4268 2818 4351; baseline 0 -20"><span class='ocrx_word' id='word_1_385' title='bbox 635 4272 789 4331; x_wconf 90' lang='lat' dir='ltr'>enim</span> <span class='ocrx_word' id='word_1_386' title='bbox 818 4274 1083 4333; x_wconf 84' lang='lat' dir='ltr'>senarius</span> <span class='ocrx_word' id='word_1_387' title='bbox 1112 4284 1222 4348; x_wconf 83' lang='lat' dir='ltr'>est,</span> <span class='ocrx_word' id='word_1_388' title='bbox 1251 4274 1428 4337; x_wconf 87' lang='lat' dir='ltr'>etiam</span> <span class='ocrx_word' id='word_1_389' title='bbox 1480 4276 1627 4335; x_wconf 84' lang='lat' dir='ltr'>citra</span> <span class='ocrx_word' id='word_1_390' title='bbox 1655 4270 2030 4345; x_wconf 82' lang='lat' dir='ltr'>ablationem,</span> <span class='ocrx_word' id='word_1_391' title='bbox 2061 4268 2360 4351; x_wconf 77' lang='lat' dir='ltr'>spondoeis</span> <span class='ocrx_word' id='word_1_392' title='bbox 2394 4269 2646 4343; x_wconf 77' lang='lat' dir='ltr'>duobus,</span> <span class='ocrx_word' id='word_1_393' title='bbox 2675 4289 2818 4331; x_wconf 86' lang='lat' dir='ltr'>ana-</span> 
     </span>
    </p>
   </div>
  </div>
 </body>
</html>
