3234 4934
1253 429 1350 478 DE
1397 427 1775 478 'rHEATRQ
2522 418 2613 485 65

412 567 646 648 positu,
675 570 736 628 in
765 589 832 630 se
860 587 978 630 non
1008 569 1296 632 habentes
1325 570 1436 630 nisi
1467 579 1777 633 venustam
1806 570 2197 649 elegantiam:
2236 572 2443 650 quales
2472 589 2609 637 sunt

413 666 708 729 Plautina
733 687 748 726 :
795 665 1188 746 Rhyntonicae
1217 665 1540 730 Comoediae
1569 665 1751 730 dictae
1774 669 1847 728 ab
1877 669 2155 728 Auctoris
2184 670 2417 730 nomine
2442 689 2457 730 z
2500 674 2611 732 Ta-

409 763 738 834 bernariae,·
766 765 842 826 ab
877 760 1207 824 humilitate
1237 765 1568 843 argumenti
1597 775 1662 826 et
1690 765 1827 845 styli
1853 787 1867 825 :
1913 764 2183 828 Palliatoe
2214 767 2289 826 ab
2314 767 2519 828 habitu
2548 779 2611 828 et

410 869 759 937 argumento
788 859 1024 923 Graeco.
1083 859 1276 930 Mimi,
1318 861 1394 919 ab
1424 861 1823 922 inverecunda
1848 860 2171 922 imitatione
2190 862 2393 922 vilium
2416 882 2607 924 rerum

409 966 468 1015 et
494 955 710 1015 levium
737 975 1142 1035 personarum.
1206 956 1554 1036 Planipedia
1581 977 1819 1036 quoque
1850 959 2155 1019 Comoedia
2182 957 2365 1032 dicta,
2392 961 2471 1020 ob
2498 960 2609 1022 hu·-

407 1051 710 1112 militatem
735 1052 1086 1130 argumenti,
1134 1071 1204 1114 ac
1233 1053 1519 1112 vilitatem
1547 1064 1835 1124 actorum,
1882 1055 1983 1132 qui
2014 1074 2133 1114 non
2162 1055 2473 1126 cothurno,
2503 1067 2608 1115 aut

409 1165 588 1210 socco
615 1150 930 1209 utebantur
959 1149 1022 1210 in
1049 1167 1248 1221 scena,
1293 1160 1397 1209 aut
1419 1149 1674 1228 pulpit0,
1704 1148 1810 1208 sed
1854 1147 2035 1226 plano
2072 1149 2225 1229 pede
2248 1170 2267 1209 ·.
2308 1151 2401 1210 vel
2452 1150 2611 1224 ideo,

407 1245 565 1322 quod
597 1263 820 1308 nonen
847 1244 1090 1324 negotia
1131 1245 1453 1317 contineat,
1495 1265 1631 1323 quae
1682 1263 2065 1324 personarum
2107 1245 2165 1303 in
2196 1246 2475 1318 turi-ibae,
2504 1258 2609 1307 aut

403 1342 464 1400 in
497 1340 822 1402 coenaeulia
847 1340 1238 1402 habitantium
1259 1349 1426 1412 nunt,
1453 1340 1560 1400 sed
1589 1339 1647 1398 in
1682 1339 1863 1419 plano
1890 1352 1954 1400 et
1980 1341 2182 1401 humili
2208 1343 2362 1402 loeo.

489 1438 770 1500 Omnium
799 1447 994 1500 autem
1028 1437 1462 1498 Comoediarum
1491 1437 1731 1517 scripta,
1778 1459 1913 1519 quoe
1946 1439 2229 1499 Dramata
2265 1439 2463 1500 Graeci
2504 1461 2611 1502 vo-

407 1536 646 1607 cabant,
685 1555 758 1595 ex
787 1545 1038 1613 quatuor
1067 1536 1243 1594 rebus
1276 1536 1518 1595 omnino
1549 1545 1898 1596 sumuntur:
1942 1537 2199 1609 nomine,
2244 1535 2399 1608 loce,
2428 1537 2605 1612 facto,

407 1639 644 1690 eventu.
710 1629 982 1701 Nomine,
1003 1640 1074 1690 ut
1099 1629 1398 1702 Phormio,
1429 1629 1686 1710 Hecyra,
1719 1630 2029 1711 Gurgulio,
2060 1630 2365 1710 Epidicus·
2430 1636 2606 1708 Loco,

405 1736 474 1785 ut
499 1724 745 1797 Andria,
777 1724 1094 1797 Leucadia,
1131 1723 1528 1786 Brundusina.
1604 1727 1809 1799 Pactu,
1842 1739 1910 1788 ut
1939 1729 2286 1802 Eunuchus,
2313 1729 2607 1805 Asinaria,

407 1822 657 1899 Captivi.
743 1821 996 1894 Eventu,
1039 1832 1108 1882 ut
1136 1821 1629 1895 CommorienteS,
1660 1823 1939 1902 Adelphi,
1988 1824 2605 1885 Heautontimorume-

403 1903 536 1976 nos.
620 1917 914 1977 Dividitur
940 1918 1111 1978 Nova
1139 1917 1450 1978 Comoedia
1477 1918 1538 1976 in
1565 1929 1819 1997 quatuor
1846 1931 2082 1999 partes:
2113 1923 2440 2001 prologum,
2472 1941 2606 2000 pro·-

405 2013 582 2084 tacin,
607 2013 885 2092 epitasin,
911 2014 1354 2093 catastrophen.

487 2109 780 2188 Prologus
819 2119 912 2170 eat
941 2109 1122 2170 veluti
1148 2111 1420 2189 proefatio
1447 2111 1726 2190 quaedam
1758 2111 2023 2185 Fabulae,
2068 2114 2127 2171 in
2156 2131 2279 2191 qua
2305 2113 2399 2172 vel
2428 2115 2607 2191 poeta

405 2215 740 2277 excusatur,
769 2207 864 2265 vel
893 2206 1094 2266 fabula
1121 2207 1586 2267 commendatur.

485 2303 751 2364 Promis
778 2312 872 2365 est
899 2303 1120 2382 primus
1151 2314 1318 2364 actus
1347 2303 1608 2376 Fabuloe,
1650 2305 1709 2362 in
1750 2324 1871 2383 quo
1897 2323 2035 2384 pars
2064 2307 2393 2384 argumenti
2422 2304 2608 2384 expli-

403 2409 592 2472 catur,
618 2418 754 2478 pars
785 2398 1081 2472 reticetur,
1109 2399 1186 2460 ad
1215 2399 1420 2479 populi
1447 2401 1917 2479 expectationem
1948 2403 2286 2461 tenendam.

485 2495 746 2574 Epitaaia
774 2495 1196 2556 incrementum
1229 2507 1343 2566 est,
1389 2513 1821 2574 processusque
1850 2497 2172 2568 turbarum,
2214 2505 2279 2556 et
2320 2495 2607 2554 involutio

405 2591 758 2669 argumenti,
785 2592 956 2670 cujus
983 2592 1283 2671 elegantia
1311 2593 1701 2652 connectitur.

488 2681 884 2765 catastrophe
928 2698 1022 2749 eat
1061 2689 1374 2767 explicatio
1421 2687 1684 2762 Fabulae,
1728 2707 1833 2768 per
1864 2707 2041 2766 quam
2070 2697 2317 2747 eventus
2348 2689 2475 2766 ejus
2506 2707 2606 2748 ex-

401 2784 658 2864 plicatur
685 2795 864 2864 atque
891 2787 1269 2864 approbatur.

659 2961 774 3022 DE
815 2962 1226 3022 LUDORUM
1269 2961 1829 3030 ANTIQUORUM
1876 2961 2367 3020 GENERIBUS.

487 3089 727 3162 Verum,
771 3076 841 3150 ut
875 3088 1068 3149 omnis
1097 3087 1532 3148 Comoediarum
1566 3088 1715 3146 ratio
1743 3086 1973 3146 facilius
2004 3087 2387 3164 intelligatur,
2432 3096 2608 3164 atque

407 3182 560 3242 adeo
588 3203 681 3258 ea,
714 3205 850 3265 quae
893 3205 1126 3246 omnem
1155 3184 1592 3245 Comoediarum
1640 3184 1929 3244 actionem
1974 3193 2267 3262 spectant,
2296 3182 2607 3242 attenden-

407 3277 548 3338 dum
577 3291 671 3341 est
710 3283 983 3363 primum,
1025 3282 1269 3362 quando
1313 3283 1540 3354 fierent,
1583 3300 1705 3361 quo
1747 3282 1902 3356 loce,
1949 3291 2010 3341 et
2038 3300 2157 3360 qua
2183 3281 2390 3340 forma.
2475 3279 2607 3337 Hoc

407 3385 604 3436 autem
633 3387 757 3437 tum
787 3376 1022 3437 demum
1055 3376 1240 3438 lector
1269 3376 1583 3456 intelliget,
1628 3397 1763 3437 cum
1809 3377 2162 3456 pernoverit,
2208 3375 2351 3456 quid
2397 3375 2615 3434 fuerint

406 3471 563 3552 apud
596 3474 893 3554 antiquos,
923 3476 1090 3548 Ludi,
1119 3475 1395 3547 Theatra,
1428 3476 1637 3546 Actus,
1669 3475 1899 3547 Scenae,
1928 3483 1991 3532 et
2021 3471 2361 3550 hujusmodi
2390 3481 2607 3531 cetera.

489 3567 678 3627 Vetus
709 3570 910 3648 itaque
939 3569 1268 3642 Comoedia,
1311 3570 1448 3629 item
1479 3570 1657 3629 etiam
1686 3569 2018 3649 Tragoedia,
2046 3569 2297 3648 primum
2326 3568 2422 3646 agi
2454 3567 2607 3626 sole-

407 3662 513 3721 bat
540 3681 578 3721 a
605 3664 858 3736 GroeciS,
901 3665 960 3723 in
1005 3665 1148 3726 vicis
1194 3677 1256 3724 et
1305 3667 1488 3744 pratis
1533 3665 1833 3735 mollibuS,
1880 3665 2150 3745 ascriptis
2187 3674 2249 3723 et
2285 3663 2606 3742 propositis

407 3758 688 3837 proemiis,
731 3759 943 3838 quibus
973 3760 1050 3819 ad
1079 3761 1454 3822 scribendum
1500 3765 1805 3841 poetarum
1840 3773 2302 3840 provocarentur
2330 3758 2605 3838 ingenia:

408 3855 706 3914 actoribus
736 3875 972 3936 quoque
997 3875 1242 3916 munera
1270 3856 1687 3927 offerebantur,
1722 3875 2015 3935 caperque
2043 3856 2202 3916 dono
2242 3855 2513 3926 dabatur,
2544 3865 2609 3912 ut

407 3948 688 4011 libentius
723 3952 994 4031 jucundo
1039 3953 1200 4012 vocis
1241 3953 1398 4014 flexu
1427 3954 1504 4013 ad
1535 3951 1917 4013 dulcedinum
1947 3951 2472 4013 commentationes
2501 3968 2607 4027 po·

405 4045 612 4124 pulum
645 4047 968 4109 allicerent.

495 4147 844 4226 Agebantur
872 4145 1198 4205 Comoediae
1241 4155 1302 4204 et
1325 4145 1655 4223 Tragoedioe
1686 4143 1843 4223 apud
1874 4143 2306 4204 vetustissimos
2336 4145 2390 4201 in
2423 4141 2610 4201 hono-

413 4261 534 4304 rem
563 4241 754 4302 Liberi
781 4243 983 4321 patris.
1066 4243 1134 4302 In
1164 4243 1332 4302 Italia
1359 4243 1606 4321 primum
1638 4253 1787 4302 actae
1820 4253 1959 4300 sunt
1986 4239 2398 4318 Compitalitiis
2430 4238 2610 4297 Ludi-

542 4337 716 4402 Delph.
738 4343 788 4388 εἰ
811 4337 922 4390 Var.
944 4341 1070 4390 Clm.
1431 4339 1618 4389 Terent.
2436 4335 2483 4384 E
2572 4355 2580 4364 ·
