3234 4934
592 359 721 427 118
984 320 989 327 ι
1510 380 1848 429 surmus

590 524 607 553 ⁸
628 516 757 597 Ego
782 536 1040 578 meorum
1070 519 1231 578 solus
1263 537 1392 578 sum
1418 524 1627 581 meus.’
1667 521 2061 601 Apollodorus
2085 544 2103 583 t

586 608 743 689 Ἐγὼ
772 614 884 689 γάρ
910 616 1027 691 εἶμι
1051 617 1218 693 poros
1244 626 1353 675 τῶν
1383 618 1535 695 ἐμῶν
1556 619 1704 695 ἐμός.

1423 760 1559 821 Act.
1583 780 1679 821 ιν.
1713 761 1814 823 Sc.
1841 780 1925 823 ιν.

588 883 605 910 ‘
624 876 788 937 Dicis
816 875 975 959 quod
1002 875 1139 936 mali
1168 882 1299 949 est:
1324 882 1440 939 dvc.
1482 879 1851 941 Menander:

1084 971 1303 1049 Λέγειε
1324 976 1417 1033 ἀεὶ
1440 977 1505 1035 τὸ
1534 980 1772 1046 λυποῦν,

589 1068 793 1142 Μηδὲν
819 1072 1265 1146 ἀντιπαρατιθεὶς
1299 1080 1410 1131 τῶν
1434 1077 1926 1150 προσλεγομένυν.

588 1166 827 1243 Semper
852 1163 1013 1243 quod
1055 1184 1358 1225 moerorem
1400 1164 1572 1226 affert
1614 1186 1842 1241 narras,
1887 1164 2028 1226 nihil
2079 1185 2282 1225 eorum
2310 1163 2563 1238 addens,
2613 1166 2774 1244 quod

668 1258 1053 1321 exadversum
1080 1260 1353 1341 alloquiis
1380 1262 1459 1321 sit
1482 1263 1782 1323 idoneum.

1275 1696 2087 1765 COMMENTARIUM

814 1856 1097 1917 numm
1140 1855 1214 1915 v.
1259 1855 1337 1914 D.
1380 1855 1912 1915 GRAMMA'rlcl
1953 1853 2560 1915 AN‘rlocHENffls

1172 1962 1263 2044 IN
1308 1986 1592 2046 METRA
1633 1980 2188 2045 TERENTIAM.

592 2154 984 2221 Evanrnrus
1041 2161 1100 2220 in
1158 2159 1600 2220 Commentario
1656 2157 1914 2217 Terentii
1959 2158 2037 2219 de
2093 2158 2342 2231 Fabula,
2385 2157 2502 2217 hoc
2543 2166 2658 2231 est,
2704 2156 2782 2217 de

596 2253 920 2327 Comoedia,
950 2256 1035 2316 sic
1070 2254 1253 2315 dicit:
1300 2256 1611 2316 Concinna
1641 2264 2011 2331 argumento,
2057 2252 2470 2313 consuetudini
2499 2269 2785 2331 cong-rua,

595 2345 754 2408 utilis
780 2350 1112 2422 sententiis,
1142 2358 1314 2427 grata
1341 2348 1587 2419 salibus,
1614 2356 1758 2426 apta
1785 2359 1971 2407 metro
1996 2368 2011 2406 t
2053 2358 2114 2407 et
2139 2357 2352 2426 postea
2378 2347 2497 2407 sic:
2540 2347 2784 2407 Veteres

597 2444 711 2503 etsi
738 2445 830 2502 usi
854 2444 967 2524 ipsi
985 2462 1221 2522 quoque
1258 2443 1458 2503 metris
1488 2441 1886 2521 negligentius
1915 2442 2149 2501 iambici
2175 2460 2380 2502 versus
2407 2440 2698 2502 duntaxat
2721 2443 2782 2501 in

597 2536 863 2598 secundo
892 2547 953 2598 et
998 2548 1211 2617 quarto
1248 2539 1406 2610 loco,
1452 2546 1651 2598 tamen
1698 2556 1735 2597 a
1775 2538 2048 2598 Terentio
2092 2538 2406 2598 vincuntur
2429 2538 2789 2598 resolutione

592 2632 769 2712 hujus
818 2634 986 2693 metri
1024 2644 1312 2713 quantum
1358 2634 1698 2696 comminuti
1745 2633 1824 2693 ad
1870 2633 2184 2711 imaginem
2232 2651 2426 2711 prosoe
2482 2634 2784 2695 orationis.

595 2728 786 2807 Asper
813 2729 873 2787 in
904 2730 1338 2790 Commentario
1366 2728 1619 2789 Terentii
1644 2730 1764 2789 sic:
1810 2728 2006 2790 Hosce
2033 2748 2238 2789 versus
2259 2747 2438 2808 agere
2465 2730 2782 2807 coepisset:

592 2830 678 2884 lta
704 2831 778 2884 ne
804 2832 986 2904 patris
1016 2826 1101 2885 ais
1129 2823 1443 2885 adventum
1472 2830 1660 2883 vernn
1683 2823 1821 2883 hinc
1849 2825 2041 2884 abisse
2067 2823 2331 2884 domum.
2401 2824 2480 2882 Et
2505 2822 2787 2903 deinceps

596 2940 732 2999 quae
782 2932 1106 2999 sequuntur
1152 2920 1445 2999 quadrati.
1537 2919 1860 2980 Diomedes
1910 2922 2029 2981 sic:
2094 2922 2502 3001 septenarium
2554 2938 2787 2980 versum

595 3018 785 3078 Varro
811 3017 934 3078 fieri
957 3018 1101 3079 dicit
1120 3016 1237 3077 hoe
1265 3018 1464 3091 modo,
1494 3036 1631 3077 cum
1650 3017 1726 3077 ad
1749 3018 2005 3079 iambum
2047 3018 2386 3098 trisyllabus
2410 3040 2515 3100 pes
2534 3019 2792 3091 additur,

598 3123 659 3173 et
686 3114 755 3173 fit
783 3116 936 3174 tale:
978 3114 1123 3194 quid
1166 3116 1609 3174 ‘immerentibus
1642 3114 1866 3173 noces?
1907 3114 2049 3191 quid
2077 3113 2305 3173 invides
2335 3114 2576 3174 amicis?
2617 3116 2788 3174 Simi-

597 3208 729 3269 liter
754 3210 815 3268 in
840 3210 1113 3271 Terentio
1140 3228 1343 3269 versus
1367 3219 1497 3269 est:
1542 3208 1698 3267 Nam
1726 3216 1778 3266 si
1797 3208 2092 3267 remittant
2113 3214 2408 3289 quippl‘am
2427 3208 2790 3269 Philumenae

600 3303 855 3365 dolores.
941 3305 1019 3364 Et
1047 3306 1107 3363 in
1129 3303 1344 3363 Plauto
1372 3324 1535 3384 saepe
1574 3304 1726 3365 tales
1766 3305 2155 3385 reperiuntur.
2237 3304 2425 3365 Varro
2451 3304 2526 3364 de
2559 3304 2790 3385 Lingua

600 3398 811 3459 Latina
838 3400 916 3459 ad
946 3398 1293 3459 Marcellum
1322 3401 1448 3459 sie:
1511 3397 1710 3467 Quare
1755 3398 1814 3457 in
1843 3398 2182 3477 hujusmodi
2209 3398 2356 3459 locis
2399 3401 2540 3479 poni
2559 3410 2794 3480 oportet
2853 3430 2859 3437 ·

584 3504 799 3553 notam
848 3495 907 3553 in
952 3505 1350 3554 transversum
1400 3496 1550 3555 inter
1596 3492 1880 3574 syllabas,
1931 3496 2296 3573 stequentius
2348 3495 2426 3555 ad
2473 3508 2791 3557 extremum

599 3608 850 3661 versum,
880 3592 1190 3661 senarium,
1218 3602 1279 3650 et
1306 3590 1541 3663 similes,
1594 3592 1641 3651 si
1667 3610 1775 3671 pro
1801 3591 1983 3671 longa
2009 3594 2240 3651 brevem
2266 3592 2590 3665 habebunt,
2629 3603 2694 3653 ut
2718 3594 2782 3653 in

598 3685 752 3745 hoc:
798 3690 1017 3745 amicus
1066 3694 1327 3747 summus
1374 3693 1535 3748 metis
1576 3696 1638 3747 et
1682 3686 1978 3768 popularis
2028 3686 2202 3749 Geta.
2309 3676 2616 3749 Charisius
2655 3690 2740 3749 sic
2767 3710 2786 3749 ι

604 3780 1013 3861 septenarium
1043 3800 1273 3841 versum
1310 3783 1433 3843 fieri
1478 3782 1624 3843 dicit
1649 3784 1838 3844 Varro
1865 3784 1982 3844 hoc
2011 3783 2211 3857 mod0,
2247 3806 2382 3845 cum
2411 3785 2487 3845 ad
2532 3786 2790 3847 iambum

604 3874 945 3956 trisyllabus
972 3896 1077 3957 pes
1102 3876 1357 3950 additur,
1384 3888 1451 3937 ut
1476 3878 1786 3958 praefatum
1814 3889 1926 3940 est.
2011 3878 2255 3939 Bas'sius
2286 3880 2362 3939 ad
2393 3879 2684 3938 Neronem
2716 3879 2791 3941 de

605 3974 853 4035 iambico
882 3974 967 4035 sic
996 3974 1185 4035 dixit:
1214 3975 1507 4035 Iambicus
1532 3986 1730 4035 autem
1749 3976 2080 4057 compedes
2102 3976 2276 4036 etism
2307 3973 2584 4051 dactylici
2610 3993 2794 4051 gene-

599 4068 683 4128 ris
700 4084 983 4144 assumat,
993 4070 1211 4132 desinit
1224 4071 1507 4132 iambicus
1532 4072 1734 4151 videri,
1753 4071 1866 4133 nisi
1889 4073 2266 4151 percussione
2283 4072 2365 4130 ita
2379 4070 2795 4144 moderareris,

606 4175 692 4239 ut,
718 4186 855 4227 cum
880 4166 1093 4245 pedem
1130 4166 1460 4247 supplodis,
1505 4167 1817 4229 iambicum
1847 4168 2064 4229 serias:
2106 4166 2354 4247 ideoque
2381 4167 2484 4227 illa
2507 4165 2638 4227 loca
2658 4187 2791 4247 per·
