3234 4934
605 358 693 421 '78
972 445 974 447 ι
1442 374 1538 420 nn
1584 371 1684 419 ‘ru
1699 370 1966 421 iza-rao.

608 536 679 576 ex
713 516 973 594 gestibus
1004 514 1365 586 describunt,
1394 526 1460 575 ut
1503 513 1559 573 id
1590 514 1752 594 quod
1779 525 1968 593 agunt
1999 512 2192 573 videre
2231 512 2488 572 videare.
2577 512 2798 591 Hujus·

611 612 771 671 modi
810 622 953 671 sunt
979 632 1131 690 quos
1163 612 1293 671 Itali
1324 612 1591 690 buffones
1620 609 1796 689 vulg'o
1824 620 2058 669 vocant.
2141 608 2478 668 Archimimi
2509 608 2803 687 principes

612 714 753 767 sunt
780 706 1148 778 histrionum,
1175 706 1289 765 hoc
1316 718 1430 779 est,
1480 706 1628 765 inter
1672 704 1987 765 histriones
2017 703 2380 762 solertissimi
2419 714 2482 763 et
2505 702 2802 763 excellen-

610 802 841 863 tissimi.
951 802 1226 881 Ethologi
1286 802 1468 872 mimi,
1532 812 1637 859 aut
1681 800 1959 879 ethopoei,
2016 818 2242 858 morum
2297 808 2438 857 sunt
2489 800 2801 870 effictores,

613 899 1047 978 affectuumque
1089 899 1513 978 cujuscumque
1571 918 1842 976 personae
1889 915 2070 975 quam
2116 896 2429 966 sustinent,
2479 906 2580 955 aut
2623 914 2799 974 quam

612 1004 802 1075 agunt
831 1008 893 1056 et
912 996 1173 1054 referunt
1199 994 1259 1052 in
1299 1014 1499 1064 scena,
1528 992 1689 1051 unde
1719 992 2036 1070 ethopoeia,
2063 1009 2288 1051 morum
2319 992 2641 1050 alienorum
2672 990 2803 1048 imi·

612 1091 800 1152 tatio:
844 1099 906 1149 et
932 1090 1108 1150 ethici
1136 1089 1390 1168 pictores
1427 1109 1499 1147 ac
1550 1088 1813 1147 statuarii
1867 1087 2028 1158 dicti,
2057 1087 2159 1165 qui
2205 1106 2344 1146 suas
2393 1086 2677 1165 imagines
2720 1087 2805 1145 ita

616 1188 968 1267 depingunt,
1018 1194 1124 1245 aut
1165 1184 1405 1255 coelant,
1454 1198 1521 1243 ut
1550 1183 1826 1242 sensibus
1855 1183 2150 1261 expressis
2203 1182 2628 1263 propemodum
2681 1183 2803 1261 spi·

612 1295 765 1343 rent.
873 1280 1194 1361 Thymelici
1252 1281 1401 1339 inter
1446 1280 1714 1340 scenicos
1757 1289 1987 1339 actores
2045 1290 2206 1352 sunt,
2265 1278 2380 1339 hoc
2435 1289 2550 1351 est,
2617 1278 2805 1337 citha-

612 1379 783 1452 roedi,
822 1378 1166 1449 citharistae,
1214 1376 1458 1457 lyristae,
1506 1375 1792 1435 tibicines.
1889 1374 2235 1447 citharoedi,
2283 1377 2385 1455 qni
2433 1388 2495 1436 et
2538 1375 2804 1435 fidicines·

615 1476 913 1547 dicuntur,
940 1474 1181 1548 citharae
1210 1472 1580 1531 accinebant.
1663 1470 2001 1529 Citharistoe
2029 1470 2312 1530 citharam
2351 1482 2580 1531 tantum
2610 1472 2808 1551 pulsa-

612 1572 781 1641 bant,
811 1588 931 1628 non
961 1577 1159 1628 autem
1182 1566 1553 1627 accinebant.
1619 1564 1976 1643 Hujusmodi
2004 1565 2296 1645 thymelici
2321 1586 2424 1645 per
2450 1568 2809 1629 orchestram

613 1667 982 1747 praestabant
1010 1664 1273 1725 actiones
1304 1682 1466 1723 suas.
1528 1662 1696 1721 Ludii
1725 1663 1848 1721 sive
1880 1661 2150 1722 ludiones
2179 1666 2271 1739 (ut
2290 1663 2414 1741 jam
2443 1663 2664 1723 dictum
2695 1666 2814 1739 est)

613 1764 653 1823 ii
683 1771 851 1822 erant
876 1759 978 1839 qui
1006 1758 1365 1818 Comoediam
1398 1757 1743 1817 recitabant.
1827 1759 1895 1816 In
1943 1776 2015 1816 ea
2061 1758 2215 1817 enirn
2261 1758 2568 1818 recitanda
2603 1761 2810 1819 mirum

613 1860 725 1917 fuit
756 1856 1082 1917 artificium.
1168 1854 1321 1915 Nam
1350 1854 1583 1915 cantica
1625 1856 2102 1934 temperabantur
2148 1855 2363 1928 modis,
2399 1876 2518 1915 non
2550 1876 2586 1917 a
2611 1860 2810 1936 poe'ta,

618 1954 727 2017 sed
755 1972 791 2012 a
814 1952 1003 2033 perito
1029 1952 1170 2012 artis
1202 1952 1443 2011 musicae
1471 1952 1645 2012 factis
1672 1971 1688 2011 ε
1731 1971 1924 2029 neque
1969 1952 2123 2011 enim
2155 1953 2353 2012 omnia
2381 1952 2592 2012 iisdem
2619 1953 2810 2012 modis

617 2051 679 2110 in
707 2068 827 2108 uno
855 2050 1087 2109 cantico
1137 2050 1488 2127 agebantur,
1536 2048 1642 2109 sed
1691 2068 1851 2129 saepe
1899 2047 2177 2108 mutatis:
2219 2058 2286 2109 ut
2314 2049 2672 2128 significant,
2713 2050 2814 2128 qui

619 2158 737 2206 tres
766 2166 1039 2206 numeros
1070 2146 1130 2203 in
1160 2144 1483 2205 Comoediis
1511 2156 1760 2225 ponunt,
1805 2144 1908 2223 qui
1953 2155 2073 2205 tres
2101 2145 2410 2204 continent
2435 2145 2644 2204 modos
2672 2163 2814 2204 can-

620 2241 719 2317 tici
748 2242 928 2301 illius.
1008 2241 1123 2309 Qui
1168 2238 1505 2318 hujusmodi
1550 2238 1774 2314 modos⁴
1806 2240 2123 2309 faciebant,
2165 2258 2377 2297 nomen
2425 2240 2484 2297 in
2530 2240 2814 2319 principio

622 2336 669 2395 F
674 2338 863 2397 abulae
894 2346 957 2396 et
1003 2335 1300 2415 scriptoris
1328 2344 1389 2392 et
1426 2334 1646 2394 actoris
1687 2336 2186 2413 superponebant.
2273 2335 2630 2413 Hujusmodi
2661 2334 2816 2395 adeo

620 2433 883 2495 carmina
912 2431 987 2490 ad
1016 2431 1187 2489 tibias
1215 2430 1455 2500 fiebant,
1485 2440 1552 2489 ut
1598 2431 1693 2489 his
1723 2430 1942 2491 auditis
1975 2430 2141 2491 multi
2168 2451 2241 2491 ex
2276 2432 2496 2510 populo
2525 2443 2663 2491 ante
2691 2432 2814 2491 dis-

619 2538 845 2609 cerent,
876 2547 1053 2605 quam
1080 2526 1365 2585 Fabulam
1395 2527 1581 2585 acturi
1633 2528 1848 2588 scenici
1892 2537 2114 2599 essent,
2164 2547 2340 2605 quam
2377 2528 2618 2587 omnino
2646 2547 2815 2607 spec-

620 2624 906 2683 tatoribus
936 2622 1079 2701 ipsis
1108 2621 1463 2682 antecedens
1485 2622 1694 2681 titulus
1710 2623 2203 2700 pronuntiaretur.
2290 2624 2591 2702 Agebatur
2619 2636 2814 2683 autem

620 2718 800 2799 Tibiis
830 2718 1091 2797 paribus,
1119 2728 1224 2777 aut
1266 2717 1587 2796 imparibus
1611 2737 1628 2785 ς
1689 2728 1750 2777 et
1799 2718 2047 2790 dextris,
2089 2728 2195 2778 aut
2219 2719 2490 2778 sinistris.
2575 2720 2816 2779 Dextrae

624 2824 820 2873 autern
854 2812 1010 2871 tibiae
1042 2832 1151 2871 sua
1190 2811 1477 2891 gravitate
1519 2812 1731 2872 seriam
1778 2812 2099 2873 Comoedioe
2129 2813 2444 2874 dictionem
2473 2816 2817 2893 pronuntia-

618 2906 783 2967 bant.
866 2908 1135 2968 Sinistroe
1183 2918 1241 2968 et
1271 2928 1527 2967 seri-anae
1571 2909 1854 2969 acuminis
1901 2910 2142 2971 lenitate
2179 2910 2378 2990 jocum
2411 2911 2468 2969 in
2513 2910 2819 2970 Comoedia

622 3003 1036 3066 ostendebant.
1124 3002 1237 3064 Ubi
1276 3015 1473 3065 autem
1520 3005 1728 3066 dextra
1775 3015 1837 3066 et
1883 3007 2124 3066 sinistra
2172 3018 2307 3067 acta
2348 3006 2819 3066 Fabula'inscri-

620 3101 893 3175 bebatur,
920 3101 1132 3161 mistim
1154 3101 1276 3179 joci
1304 3111 1363 3161 et
1392 3103 1710 3180 gravitates
1741 3103 2258 3163 denuntiabantur.
2318 3102 2482 3160 Mimi
2505 3111 2608 3161 aut
2630 3101 2819 3171 Ludii,

624 3195 765 3255 dum
796 3198 1076 3275 agebant,
1108 3196 1491 3255 assumebant
1516 3196 1696 3275 capiti
1725 3216 2030 3276 personas,
2059 3196 2172 3255 hoc
2195 3206 2305 3268 est,
2328 3198 2611 3255 confictas
2632 3196 2821 3255 varia·

622 3312 750 3351 rum
780 3309 1166 3370 personarum
1197 3292 1410 3352 facies:
1452 3292 1545 3352 vel
1592 3292 1839 3352 reticulo
1885 3292 2074 3352 denso
2103 3292 2284 3352 facies
2327 3291 2704 3361 obvelabant,
2747 3312 2819 3351 ne

624 3398 1108 3465 agnoscerentur.
1194 3388 1285 3446 Ita
1312 3388 1489 3447 etiam
1512 3388 1765 3447 instituti
1791 3398 1961 3447 erant
1986 3387 2324 3467 hujusmodi
2351 3386 2686 3460 histriones,
2719 3397 2824 3447 aut

623 3482 809 3553 mimi,
838 3491 903 3540 ut
930 3492 991 3541 et
1018 3482 1281 3561 corporis
1312 3494 1507 3544 motus
1538 3484 1820 3545 decentes
1843 3484 2146 3543 facerent:
2191 3482 2448 3563 denique
2471 3483 2648 3543 etiam
2675 3502 2821 3543 can·

625 3586 721 3637 tus
753 3597 823 3637 ac
851 3578 1213 3655 prolationes
1242 3579 1571 3641 secundum
1612 3580 1824 3640 modos
1865 3580 2062 3639 edocti
2113 3570 2300 3652 erant,
2343 3599 2478 3658 quae
2523 3580 2728 3639 mirum
2759 3580 2818 3638 in

622 3674 891 3747 modum·
922 3674 1201 3754 populum
1260 3678 1617 3738 afficiebant.
1717 3677 1797 3735 Hi
1846 3676 2020 3736 simul
2071 3676 2262 3736 coacti
2310 3675 2372 3735 in
2429 3694 2666 3754 quoque
2719 3696 2822 3753 ge-

624 3791 786 3844 nere,
814 3781 917 3831 aut
946 3780 1279 3841 cantantes,
1308 3783 1412 3833 aut
1439 3774 1729 3833 saltantes
1759 3770 2208 3853 appellabantur
2247 3772 2478 3832 Chorus
2503 3792 2518 3831 ι
2559 3772 2731 3829 divisi
2759 3772 2820 3829 in

624 3869 775 3927 duas
817 3877 1038 3945 partes,
1085 3867 1464 3929 Semichoria.
1566 3869 1638 3927 In
1689 3868 1919 3928 actione
1967 3876 2165 3927 autem
2218 3865 2564 3935 Comoedioe,
2619 3886 2826 3925 eorum

626 3961 807 4040 aliqui
839 3961 1053 4040 primas
1086 3974 1307 4041 partes,
1363 3962 1460 4035 alii
1504 3962 1802 4023 secundas
1849 3972 2048 4023 tenere
2093 3961 2458 4033 dicebantur,
2504 3979 2610 4040 pro
2645 3962 2822 4021 variis

626 4068 865 4144 actuum
924 4057 1284 4120 rationibus:
1346 4078 1547 4117 eorum
1600 4058 1756 4117 enim
1805 4058 1900 4117 alii
1942 4058 2248 4138 prologum
2294 4057 2589 4129 dicebant,
2629 4057 2726 4117 alii
2761 4059 2820 4117 in

628 4153 888 4225 nuntios,
918 4154 1340 4233 exploratores,
1372 4155 1676 4229 custodes,
1707 4173 1929 4228 servos,
1957 4154 2191 4226 heroas,
2222 4155 2407 4227 Deos,
2437 4172 2631 4225 senes,
2659 4172 2820 4213 ama·
