3234 4934
618 400 708 469 86
1085 414 1449 465 nameus
1495 414 1782 465 umusu
1832 412 2348 465 mesanum-ro.

622 563 792 625 nus!
834 560 1042 620 Omnis
1072 568 1265 618 autem
1308 555 1573 629 imitatio,
1608 565 1680 617 ut
1723 563 1935 636 postea
1959 554 2226 617 dicemus
2252 557 2540 637 pluribus,
2586 570 2798 621 natura

619 660 818 740 placet
844 666 905 715 et
930 655 1204 715 delectat.
1270 652 1404 713 Hoc
1430 653 1585 711 enim
1610 652 1910 731 proprium
1937 661 2032 713 est
2057 650 2328 727 hominis,
2357 662 2424 713 ut
2450 664 2608 715 recte
2637 656 2800 716 Aris-

620 753 857 826 totenes,
884 750 985 832 qui
1012 761 1073 811 et
1096 751 1526 829 μιμητικῶτατοε
1550 758 1663 809 rav
1689 749 1872 822 Ξῶὡν,
1901 749 2108 811 merito
2147 750 2223 809 ab
2259 769 2334 809 eo
2361 750 2587 811 dicitur.
2669 752 2706 813 J
2711 752 2804 813 oei

621 869 783 921 vero,
828 850 877 909 si
926 856 1201 927 petantur
1242 843 1526 923 undique,
1553 842 1788 903 molesti
1815 862 1888 905 ac
1911 844 2132 923 frigidi,
2160 854 2264 907 aut
2289 846 2604 907 theatrales
2632 848 2804 920 fiunt,

624 947 676 1007 si
704 964 741 1005 a
764 946 887 1005 vita
914 940 1035 1004 sint
1060 942 1274 1003 alieni:
1315 940 1417 1020 qui
1444 950 1513 1000 ut
1538 940 1696 1019 plebi
1745 941 1917 1016 forte,
1957 942 2043 1005 ita
2067 941 2261 1003 doctis
2289 945 2520 1024 placere
2547 962 2618 1006 ac
2645 946 2804 1025 sapi-

622 1041 855 1103 entibus
882 1058 1002 1101 non
1044 1046 1314 1119 possunt.
1398 1036 1749 1098 Constantis
1791 1038 1950 1099 enim
1987 1039 2096 1100 viri
2145 1058 2216 1099 ac
2263 1040 2546 1119 sapientis
2573 1040 2805 1101 animus

621 1136 807 1198 laxari
850 1134 998 1209 vult,
1044 1154 1162 1194 non
1212 1132 1383 1193 solvi.
1463 1131 1634 1193 Illam
1661 1142 1856 1194 autem
1883 1133 2386 1209 constitutionem,
2431 1133 2524 1195 καὶ
2568 1139 2692 1209 τὴν,
2737 1144 2806 1195 ut

624 1252 760 1295 cum
780 1232 992 1294 Stoicis
1012 1230 1111 1292 hic
1136 1231 1364 1309 loquar,
1386 1231 1451 1289 ἐν
1469 1233 1652 1311 ταύτῷ·
1669 1240 1767 1291 τοῦ
1787 1234 1951 1303 ἤθους
1967 1236 2167 1311 μονὴν,
2187 1230 2340 1292 risus
2361 1232 2553 1292 solvit.
2611 1232 2806 1301 Quem

620 1331 921 1411 praeclare‚
964 1338 1057 1399 τῆς
1081 1330 1441 1407 περιχαρείας
1464 1326 1838 1405 ὗπερὲκχνσιν
1865 1340 1962 1399 τῆς
1983 1329 2241 1409 ψυχικῆς,
2291 1328 2520 1408 antiqui
2568 1346 2754 1388 vocan
2762 1338 2806 1390 t.

626 1426 887 1505 Ideoque
914 1434 975 1485 et
1001 1422 1307 1496 Socratici,
1336 1440 1584 1501 quorum
1610 1421 1742 1482 libri
1768 1425 2114 1503 penuarium
2139 1424 2404 1503 leporum
2429 1423 2688 1484 omnium
2715 1424 2812 1484 fu-

624 1533 797 1583 erunt
822 1541 894 1582 ac
918 1520 1279 1592 facetiarum,
1308 1518 1469 1598 quod
1498 1538 1533 1578 e
1560 1518 1957 1598 Xenophonte
1978 1528 2038 1580 et
2063 1519 2312 1580 Platone
2329 1522 2506 1583 etiam
2527 1521 2644 1581 hoc
2661 1530 2810 1581 tem-

624 1637 769 1699 pore
794 1627 1057 1697 upparet,
1084 1617 1568 1698 χαριεντίέεσθαι,
1596 1634 1717 1676 non
1744 1622 2167 1692 γελωτοποιεῖν,
2197 1615 2412 1677 solent.
2479 1619 2568 1678 Ac
2597 1637 2672 1677 ne
2699 1616 2812 1696 ipsi

627 1716 866 1798 quidem
896 1713 1097 1786 Siculi,
1118 1712 1195 1773 ad
1222 1712 1598 1773 festivitatem
1620 1714 1769 1785 nati,
1789 1723 1854 1773 et
1871 1712 1972 1793 qui
1999 1712 2170 1793 primi
2198 1712 2458 1773 omnium
2487 1712 2810 1773 Comoediee

627 1822 911 1893 putantur
936 1811 1291 1882 inventores,
1322 1808 1498 1869 alium
1525 1808 1682 1868 illius
1711 1809 1909 1881 finem,
1953 1827 2132 1888 quam
2159 1809 2222 1869 τὸ
2259 1810 2564 1890 χρήσιμον,
2605 1806 2672 1869 id
2697 1820 2811 1885 est,

629 1908 941 1969 utilitatem
970 1914 1314 1985 posuerunt.
1399 1903 1493 1964 De
1522 1902 1872 1984 Epicharmo
1899 1904 2241 1966 Theocritus
2265 1922 2284 1965 z

864 2034 1076 2094 Πολλὰ
1105 2036 1215 2110 γὰρ
1240 2037 1450 2093 ποττὰν
1476 2034 1636 2097 &miv
1661 2040 1774 2094 τοῖς
1799 2036 1999 2095 παισὶν
2024 2030 2147 2095 εἷπε
2175 2036 2451 2117 χρὴσιμα·

1108 2128 1365 2205 Μεγᾶλα
1390 2130 1551 2210 χάρις
1576 2131 1746 2210 uin-93.

635 2258 705 2319 Id
734 2259 875 2338 quia
900 2277 1074 2319 secus
1100 2258 1161 2318 in
1189 2258 1497 2320 Comoedia
1524 2258 1809 2338 Antiqua,
1839 2258 2036 2319 statim
2064 2255 2322 2326 defecitz
2363 2258 2426 2318 in
2453 2276 2572 2336 qua
2595 2259 2816 2333 omnia,

635 2374 671 2413 a
696 2354 942 2415 veritate
968 2363 1032 2413 et
1057 2353 1486 2414 consuetudine
1512 2353 1728 2427 aliena,
1754 2353 1869 2415 hoc
1894 2364 2006 2427 est,
2033 2372 2169 2413 vere
2197 2358 2423 2429 γελοῖα,
2451 2363 2514 2415 et
2531 2353 2611 2413 ad
2637 2354 2818 2415 risum

636 2460 809 2509 erant
830 2458 1192 2529 comparata.
1263 2449 1410 2517 Quis
1438 2468 1558 2509 non
1588 2448 1764 2523 ridet,
1791 2469 1924 2510 cum
1953 2449 2282 2527 exemplum
2310 2450 2470 2523 vim,
2499 2459 2669 2531 pater
2695 2468 2822 2511 om-

632 2546 799 2605 nium
826 2544 1126 2617 virtutum,
1175 2546 1307 2624 ipsa
1333 2544 1695 2620 innocentia,
1725 2545 2006 2627 probitas,
2033 2564 2106 2605 ac
2130 2545 2336 2617 virtus,
2363 2546 2640 2607 Socrates
2667 2544 2822 2605 ride-

637 2640 768 2714 tur?
810 2660 945 2701 cum
986 2641 1047 2699 in
1085 2643 1261 2701 corbe
1288 2640 1667 2702 festivissime
1714 2639 2206 2721 philosophatur?
2244 2660 2400 2714 cum,
2448 2639 2823 2723 quotpedes

636 2737 815 2816 pulex
844 2735 1041 2810 saliat,
1069 2736 1358 2797 subtiliter
1384 2755 1455 2796 ac
1482 2735 1840 2815 geometrice
1863 2735 2139 2797 metitur?
2167 2735 2458 2815 Pleraque
2487 2737 2642 2796 enim
2671 2737 2827 2797 falsa

639 2831 717 2892 (le
746 2830 1051 2893 sententiis
1079 2831 1569 2913 opinionibusque
1596 2840 1858 2894 veterum
1887 2830 2404 2911 Philosophorum,
2453 2840 2515 2891 et
2541 2830 2616 2892 ad
2644 2832 2826 2893 risum

638 2927 799 2987 facta
842 2936 947 2987 aut
993 2926 1329 3006 excogitata
1378 2936 1537 3000 sunt,
1580 2946 1716 3006 quoe
1767 2926 2062 3007 proecipue
2108 2927 2267 2987 hunc
2309 2928 2562 2989 excitare
2610 2927 2826 2988 solent.

639 3021 784 3083 Ideo
810 3041 923 3083 nec
948 3038 1152 3083 omnes
1183 3021 1400 3096 Plauti,
1448 3034 1674 3085 tantam
1718 3024 2020 3085 materiem
2067 3023 2322 3096 ridendi,
2367 3032 2650 3103 quantam
2677 3042 2828 3084 una-

640 3118 865 3196 queevis
888 3137 963 3179 ex
991 3118 1482 3199 Aristophanicis,
1522 3120 1880 3199 suppeditat.
1961 3121 2148 3181 Alteri
2195 3119 2353 3181 enim
2401 3120 2618 3191 omnia,
2659 3118 2828 3179 alteri

638 3230 834 3292 pauca
858 3230 965 3291 per
985 3212 1151 3291 leges
1176 3212 1453 3273 licebant.
1522 3214 1823 3287 Ceterum,
1851 3225 1920 3275 ut
1945 3214 2122 3275 modo
2150 3214 2515 3287 dicebamus,
2544 3212 2827 3293 quicquid

642 3304 895 3365 maxime
924 3306 999 3365 ab
1028 3306 1245 3384 agendi
1274 3306 1704 3369 consuetudine
1751 3319 1857 3368 aut
1903 3308 2142 3369 dicendi
2189 3310 2438 3369 alienum
2482 3320 2596 3381 est,
2645 3309 2828 3369 risum

644 3401 894 3461 maxime
917 3420 1151 3463 movere
1178 3402 1349 3463 solet.
1433 3403 1503 3462 In
1532 3403 1860 3479 sententiis,
1888 3404 2076 3484 qualis
2104 3404 2205 3464 illa
2231 3404 2458 3465 Comici
2479 3405 2746 3481 Nebulis,

804 3530 927 3589 Kal
951 3553 1033 3589 τοι
1058 3532 1323 3610 πρότερον
1350 3532 1450 3594 τὸν
1475 3532 1561 3592 Δι’
1586 3537 1803 3607 ἀληθῶς
1827 3534 1986 3617 ᾤμην
2013 3532 2107 3594 διὰ
2135 3538 2388 3595 κοσκίνου
2415 3538 2620 3615 οὐρεῖν.

648 3656 719 3715 In
760 3658 975 3732 verbis,
1022 3669 1093 3722 ut
1140 3680 1275 3721 cum
1304 3662 1707 3725 furacissimus
1736 3683 1939 3725 servus
1979 3666 2377 3726 κλεπτίστατοε
2404 3685 2439 3726 a
2465 3664 2704 3727 domino
2731 3683 2830 3726 vo-

646 3764 836 3831 catur,
878 3755 981 3835 qui
1007 3755 1251 3818 laudare
1276 3759 1734 3823 taciturnitatem
1763 3762 1826 3823 in
1853 3762 2058 3823 eodem
2081 3760 2350 3823 videtur:

966 3883 1135 3945 Ἀλλ’
1160 3884 1226 3945 οὔ
1256 3911 1323 3947 σε
1349 3890 1554 3966 κρύψω·
1584 3902 1695 3952 τῶν
1723 3894 1871 3970 ἐμῶν
1900 3896 2011 3973 γὰρ
2037 3895 2262 3952 οἰκετῶν

970 3979 1324 4045 Πιστότατον
1350 3988 1596 4063 ἡγοῦμαί
1623 4011 1690 4047 σε
1715 3990 1806 4047 καὶ
1831 3991 2253 4048 κλεπτίστατον.

654 4103 830 4171 Quod
858 4104 1050 4185 ipsum
1078 4104 1383 4187 aliquanto
1411 4110 1758 4191 castigatius
1789 4114 1948 4175 Nero
1990 4115 2217 4187 extulit,
2264 4114 2365 4193 qui
2407 4111 2485 4173 de
2513 4112 2616 4174 tali
2644 4131 2832 4187 servo,

652 4206 671 4234 ⁴
702 4198 865 4259 Nulli
892 4201 1051 4282 apud
1082 4222 1147 4264 se
1173 4206 1306 4284 plus
1334 4206 1471 4268 fidei
1511 4208 1771 4284 habere,'
1813 4210 2084 4273 dicebat:
2131 4218 2148 4245 ⁶
2179 4209 2324 4269 nihil
2374 4208 2528 4270 enim
2557 4208 2610 4269 ei
2638 4228 2832 4289 neque
