3234 4934
975 431 1042 487 v.
1090 432 1315 488 nnat
1365 431 2146 489 onsnnvAwuNcunAE.
2520 420 2651 489 187

460 579 702 660 negotio
728 587 790 640 et
816 576 945 640 sine
973 579 1133 639 omni
1180 578 1535 640 insuavitate
1577 577 1879 658 explicuit.
1960 577 2160 648 Quare
2188 592 2308 637 non
2336 579 2647 653 nuntior,

455 691 651 755 neque
701 674 1043 747 PlutarcbO,
1097 676 1199 761 qui
1267 676 1612 749 Homerum,
1666 674 1999 736 studiosum
2050 676 2225 733 boum
2270 675 2644 748 tonationis,

457 769 942 850 compositionem
969 764 1307 851 neglexisse
1349 771 1575 846 scribit,
1622 781 1686 832 et
1728 771 1979 851 primum
2022 770 2223 831 statim
2250 788 2479 831 versum
2510 774 2650 851 ἅμα·

458 888 590 942 τρον
614 866 937 925 extulisse:

695 978 896 1050 Μῆνιν
927 975 1102 1046 ἄειδε,
1133 980 1260 1049 θεὰ,
1291 976 1628 1050 Πηληϊάδεω
1656 977 1966 1060 Ἀχιλῆοετ
2088 966 2099 977 ”

453 1105 575 1148 non
603 1088 760 1148 enim
788 1088 887 1149 ille
916 1089 1000 1149 ita
1046 1089 1276 1161 extulit,
1324 1101 1391 1149 ut
1420 1087 1798 1163 Plutarchus,
1834 1090 2021 1151 multo
2062 1090 2254 1150 minus
2296 1098 2363 1151 ut
2390 1109 2522 1162 nos,
2548 1106 2644 1149 se-

451 1184 712 1245 cundum
752 1185 1108 1265 perscriptas
1148 1186 1386 1245 literas:
1450 1206 1645 1265 neque
1690 1186 1992 1265 Scaligero
2039 1184 2366 1247 infulcienti
2392 1182 2641 1247 creticos

448 1279 513 1338 in
541 1280 824 1341 iambicos
856 1280 1084 1341 modos.
1171 1280 1298 1339 Etsi
1334 1279 1412 1338 ad
1436 1281 1552 1341 hoc
1595 1280 1889 1342 delabitur
1931 1291 2018 1351 ut,
2045 1280 2341 1360 voluptas,
2369 1299 2642 1361 anapoes·

449 1374 628 1434 ticam
657 1374 802 1434 velit
840 1394 992 1435 ease
1023 1373 1383 1434 dictionem:
1425 1374 1488 1433 id
1533 1375 1772 1453 quidem
1822 1375 2053 1447 melius,
2081 1374 2187 1435 sed
2215 1375 2333 1435 iuae
2362 1381 2642 1451 συγκοπαὶ

449 1468 946 1549 pronuntiationis
975 1470 1189 1530 rectius
1218 1467 1543 1549 expediunt
1582 1490 1881 1544 numeros,
1908 1490 2039 1531 mea
2066 1473 2301 1551 quidem
2328 1470 2645 1547 sententia,

450 1574 512 1624 et
537 1566 888 1646 antiquitate
915 1574 1086 1639 teste,
1123 1564 1291 1645 cujus
1345 1586 1529 1626 unum
1573 1567 1753 1628 etiam
1780 1588 1939 1628 nunc
1982 1567 2317 1647 exemplum
2346 1567 2641 1630 adducere

446 1664 660 1737 visum,
690 1652 938 1722 Hesiodi
962 1681 978 1721 z

671 1772 915 1854 Ἄσκρῃ,
944 1784 1124 1856 χεῖμα
1154 1778 1317 1857 κακῇ,
1345 1777 1492 1851 θέρει
1519 1778 1804 1858 ἀργαλέῃ,
1830 1772 2079 1835 οὐδέποτ’
2102 1775 2300 1857 ἐσθλῇ.

449 1884 562 1945 Eat
583 1885 740 1945 enim
769 1890 888 1961 θρεῑ
913 1898 976 1946 et
1002 1893 1096 1959 λη.
1179 1888 1298 1949 Sed
1328 1888 1404 1948 de
1445 1889 1559 1947 hac
1599 1906 1687 1957 re,
1727 1905 1863 1946 cum
1908 1895 2139 1945 tantum
2176 1886 2303 1965 jam
2329 1887 2635 1947 verborum

445 1980 704 2052 fecerim,
733 1980 870 2060 plus
917 1982 1156 2059 quidem
1193 2002 1372 2062 quam
1413 1982 1582 2041 initio
1630 1981 1999 2039 institueram
2042 1999 2137 2041 me
2162 1981 2455 2041 facturum
2482 2001 2634 2055 este,

447 2092 609 2134 nunc
635 2074 923 2147 desinam,
951 2085 1014 2135 et
1048 2077 1180 2139 haec
1208 2086 1412 2137 nostra
1449 2075 1680 2156 judicio
1728 2074 1973 2137 aliorum
2000 2076 2281 2136 submitto
2303 2095 2322 2134 ι
2362 2084 2443 2147 et,
2470 2076 2635 2154 quod

447 2178 654 2243 tentat,
691 2170 1160 2233 observationem
1206 2183 1267 2232 et
1313 2191 1517 2232 curam
1557 2170 1766 2232 harum
1794 2190 1985 2231 rerum
2028 2169 2393 2250 diligentium
2438 2168 2635 2229 studio

443 2266 766 2327 committo.
879 2268 1495 2347 Quantulumcumque
1564 2276 1762 2328 autem
1816 2285 2053 2345 operam
2106 2266 2262 2326 hane
2328 2264 2633 2325 industria

443 2380 594 2422 meoe
621 2362 797 2441 cupio
825 2381 1029 2423 omnes
1055 2363 1194 2424 boni
1221 2360 1555 2434 consulere,
1593 2360 1757 2441 quod
1785 2362 1974 2421 bonos
2000 2370 2065 2421 et
2106 2362 2393 2421 bonarum
2420 2363 2631 2421 artium

443 2456 692 2536 cupidos
723 2458 846 2518 scio
875 2478 1010 2519 esse
1037 2460 1295 2519 facturos
1320 2478 1336 2517 :
1395 2457 1435 2516 ii
1465 2458 1619 2517 enim
1648 2477 1840 2536 neque
1869 2456 2050 2516 ullam
2075 2456 2136 2515 in
2164 2455 2345 2515 literis
2374 2456 2631 2534 exquisi-

444 2552 662 2611 tionem
690 2553 864 2613 nimia
891 2573 1129 2633 parvam
1159 2564 1222 2615 et
1248 2552 1478 2615 futilem
1507 2552 1755 2625 ducunt,
1783 2570 1976 2633 neque
2003 2552 2114 2613 hoa
2139 2560 2389 2613 conatus
2416 2549 2630 2630 judicii

443 2648 632 2708 nostri
657 2658 938 2727 poterunt
963 2649 1298 2729 despicere:

689 2776 835 2857 ssepi
861 2777 926 2839 δὲ
949 2791 1060 2841 νῦν
1088 2782 1304 2853 ἄλλων,
1333 2783 1398 2840 οὗ
1423 2782 1643 2860 φροντὶς
1664 2774 2036 2861 Ἱπποκλείδῃ.

782 3191 867 3257 Τ.
937 3187 1125 3255 FAB
1139 3190 1239 3257 RI
1306 3186 2285 3257 OBSERVATIUNCULAE

863 3340 1390 3423 uisci-:umnam
1421 3366 1520 3419 An
1555 3368 1815 3419 mmm
1843 3366 2203 3421 reanum.

438 3530 584 3594 1221
613 3554 677 3595 se
707 3534 846 3595 mihi
886 3552 1104 3612 magna
1131 3532 1388 3613 quadam
1414 3531 1739 3612 voluptate,
1779 3543 1840 3592 et
1882 3532 2077 3592 fructu
2119 3530 2281 3591 haud
2322 3530 2620 3606 mediocri,

437 3630 663 3711 privare
689 3628 978 3701 videntur,
1005 3630 1107 3707 qui
1133 3629 1467 3691 Terentium
1495 3628 1803 3689 studentes
1829 3630 2044 3707 legere,
2072 3648 2183 3688 nec
2211 3638 2397 3688 metra
2418 3638 2619 3688 tamen

435 3725 562 3799 illa,
590 3724 722 3803 quis
763 3724 852 3783 uti
888 3724 1200 3784 Terentius
1248 3725 1578 3797 consuevit,
1620 3741 1859 3783 novere.
1943 3722 2247 3784 Memorioe
2294 3723 2449 3783 enim
2493 3732 2620 3781 tam

435 3829 771 3893 venustum,
796 3827 1034 3897 tamque
1062 3818 1368 3878 amabilem
1417 3820 1758 3898 scriptorem
1804 3819 1935 3898 quis
1976 3818 2258 3881 mandare
2304 3818 2515 3897 possit,
2556 3824 2619 3876 et

436 3915 781 3977 mandatum
806 3911 1125 3984 custodire,
1176 3914 1288 3973 nisi
1331 3913 1381 3973 si
1432 3924 1494 3973 et
1537 3913 1663 3994 ipse
1690 3924 1879 3975 metra
1917 3913 2073 3974 illius
2102 3912 2398 3975 senserit?
2438 3912 2617 3984 Dein,

434 4013 621 4073 multo
648 4012 756 4071 sibi
803 4010 1080 4089 majorem
1111 4008 1620 4070 admirabilitatem
1668 4012 1846 4091 poeta
1872 4020 2191 4091 comparet,
2220 4008 2321 4068 ubi
2348 4006 2617 4068 intellex-

435 4109 587 4169 erint
611 4108 859 4168 lectores
887 4124 1008 4185 quo
1034 4124 1250 4184 genere
1275 4105 1550 4167 carminis
1578 4106 1676 4167 hic
1704 4118 1809 4167 aut
1842 4105 1941 4167 hic
1965 4116 2185 4165 utatur.
2268 4104 2425 4163 Nam
2453 4105 2613 4186 apud

435 4202 770 4265 Terentium
801 4200 1040 4283 quidem
1068 4201 1244 4281 plane
1268 4199 1353 4263 ita
1369 4199 1635 4263 videmus
1663 4202 1786 4263 fieri
1814 4221 1885 4262 ac
1915 4199 2075 4281 apud
2100 4198 2413 4280 Virgilium
2439 4200 2613 4276 solet,
