3234 4934
578 342 707 409 138
1190 356 1463 407 'uuus
1508 356 1769 405 OAESAR
1815 356 2186 405 scAmcnn

577 508 890 578 captarunt
932 496 1121 569 multi,
1166 509 1229 557 et
1268 516 1384 557 non
1416 496 1586 575 pauci
1614 507 1918 556 errarunt:
1963 496 2118 557 sicut
2151 506 2214 557 et
2237 495 2346 567 illi,
2396 496 2496 577 qui
2525 496 2768 559 reddere

578 595 890 655 voluerunt
914 594 1201 653 rationem
1226 613 1537 655 versuum:
1578 613 1714 653 cum
1747 594 1842 653 alii
1883 602 2086 653 essent
2111 592 2450 665 curtissimi,
2479 593 2576 653 alii
2619 594 2768 655 adeo

579 692 763 771 longi,
806 701 875 751 ut
920 689 1062 749 mihi
1106 689 1284 751 libeat
1330 711 1465 751 cum
1516 690 1794 750 Plautino
1822 690 2104 769 trapezita
2141 690 2351 768 jocari,
2395 689 2536 749 dum
2581 710 2764 751 unum

581 787 796 858 scribo,
822 786 1079 865 explevit
1115 786 1255 845 mihi
1293 798 1451 847 totas
1478 806 1646 847 ceras
1674 798 1927 866 quatuor
1955 806 1970 845 z
2015 796 2274 865 quantus
2303 785 2401 845 ille
2431 797 2525 846 est
2549 807 2626 848 ex
2653 788 2770 846 Eu—

582 884 777 943 nucho
804 903 818 943 :
884 891 899 918 ‘
928 883 1005 942 Et
1032 883 1345 961 magnifica
1374 883 1553 943 verba
1578 902 1593 941 z
1637 884 1815 943 verba
1845 882 1986 942 dum
2017 882 2169 951 sint3
2213 902 2436 955 verum,
2465 883 2513 942 si
2543 882 2620 942 ad
2649 903 2768 943 rem

580 980 975 1051 conferentur,
1002 978 1343 1059 vapulabit)
1428 979 1805 1058 Quanquam,
1835 978 1930 1039 hic
1959 997 2196 1059 quoque
2223 979 2298 1039 ab
2323 978 2438 1039 illis
2467 978 2775 1052 dissentio,

584 1076 795 1154 aioque
824 1074 977 1133 duos
1005 1094 1210 1133 versus
1248 1094 1417 1135 esse:
1447 1074 1696 1152 priorem
1727 1073 2087 1135 trochaicum
2117 1072 2426 1135 dimetrum
2454 1075 2775 1154 brachyca-

582 1171 943 1244 talecticum,
974 1170 1222 1231 alterum
1266 1170 1652 1229 octonarium.
1739 1170 1892 1229 Nam
1937 1170 2022 1231 sic
2052 1170 2470 1248 pronuntiavit,
2515 1181 2604 1244 ut,
2640 1190 2776 1231 cum

584 1265 853 1337 dixisset,
896 1273 912 1300 ‘
938 1265 1015 1327 Et
1040 1264 1355 1343 magnifica
1389 1266 1605 1337 verba,’
1647 1267 1929 1336 substitit,
1962 1266 2263 1345 affixitque
2305 1265 2384 1326 ibi
2411 1268 2775 1346 propositum

582 1364 642 1421 in
671 1362 902 1423 verbis:
946 1375 1153 1441 postea
1198 1360 1372 1419 simul
1418 1380 1551 1419 cum
1600 1379 1665 1418 re
1693 1360 1940 1421 mutavit
1968 1362 2338 1435 sententiam,
2376 1372 2442 1422 ut
2467 1382 2572 1441 pro
2602 1362 2773 1422 factis

585 1460 745 1518 facta
793 1456 1082 1529 redderet,
1122 1466 1185 1516 et
1232 1456 1475 1515 verbera
1523 1454 1910 1515 minitaretur.
1992 1455 2328 1517 Priscianus
2381 1458 2775 1519 distinctionis

584 1572 768 1613 causa
788 1552 1083 1613 breviores
1110 1552 1361 1611 insertos
1392 1568 1597 1610 versus
1641 1548 1804 1609 dicit.
1885 1550 2104 1613 Verum
2149 1570 2341 1629 neque
2367 1552 2490 1623 ille,
2531 1552 2778 1613 distinc-

585 1650 669 1709 tio
696 1650 828 1709 hoec
853 1648 995 1728 quid
1046 1657 1225 1720 esset,
1270 1646 1631 1707 declaravit:
1677 1666 1870 1726 neque
1908 1664 2043 1719 nos,
2089 1647 2232 1725 quid
2279 1647 2390 1706 sibi
2424 1647 2586 1719 velit,
2630 1668 2776 1709 saue

586 1745 824 1806 scimus.
907 1745 1061 1805 Nam
1109 1764 1245 1824 quae
1292 1743 1593 1803 distinctio
1644 1763 1775 1803 esse
1829 1743 2026 1815 debet,
2055 1763 2172 1803 non
2223 1742 2414 1803 solum
2463 1743 2670 1805 eadem
2711 1746 2772 1803 in

586 1860 784 1914 scena,
830 1841 940 1902 sed
984 1842 1157 1901 etiam
1212 1840 1509 1920 persona?
1573 1861 1782 1921 quoeve
1835 1840 1894 1899 in
1947 1840 2131 1920 prima
2185 1860 2366 1901 scena
2411 1842 2774 1919 gravissimas

586 1937 910 1997 Comoediae
938 1935 1430 2017 Amphitryonis?
1473 1938 1612 2016 Ipso
1641 1938 1798 1997 enim
1821 1938 2088 2017 ingressu
2119 1937 2316 1997 statim
2345 1956 2636 2016 nusquam
2667 1937 2776 1997 sibi

586 2044 842 2093 constat.
928 2035 1049 2095 Aut
1070 2033 1304 2112 qualem
1351 2035 1411 2093 in
1457 2053 1531 2097 ea
1574 2054 1776 2107 scena,
1805 2034 1864 2093 in
1909 2050 2028 2114 qua
2080 2033 2424 2113 Pamphilus
2471 2034 2548 2095 de
2592 2035 2774 2113 patris

588 2127 807 2189 duritia
830 2128 1131 2209 queritur?
1173 2129 1272 2209 qui
1315 2130 1375 2189 in
1404 2129 1613 2191 eodem
1644 2143 1991 2209 arg-umento
2027 2131 2444 2211 propositoque
2487 2142 2778 2210 perstaret

586 2224 1050 2303 conquestionis,
1090 2235 1152 2285 et
1189 2226 1542 2286 tetrametris
1586 2223 1736 2285 illud
1779 2224 2028 2285 inseruit
2071 2224 2420 2287 dimetrum:
2481 2226 2694 2295 ‘Quod
2727 2226 2774 2287 si

587 2320 674 2393 fit,
704 2340 880 2399 pereo
927 2320 1231 2381 funditus!
1312 2320 1448 2392 Alii,
1495 2329 1563 2380 ut
1603 2319 1714 2379 sibi
1750 2318 2121 2392 videbantur,
2166 2320 2476 2393 acutiores,
2519 2340 2552 2381 e
2602 2322 2777 2381 rebus

585 2415 733 2493 ipsis
763 2413 920 2487 duci,
964 2434 1081 2473 uon
1113 2414 1305 2474 solum
1340 2414 1559 2493 pedum
1604 2424 1846 2486 statum,
1875 2425 1980 2475 aut
2005 2433 2262 2486 cursum,
2291 2415 2400 2476 sed
2443 2415 2618 2476 etiam
2646 2436 2778 2477 ver-

590 2528 761 2569 suum
791 2519 1013 2569 tractus
1041 2509 1388 2587 prodidere:
1429 2509 1489 2569 in
1520 2529 1582 2569 re
1608 2512 1952 2591 perturbata
1976 2511 2189 2571 mutari
2216 2531 2443 2586 versus,
2471 2512 2776 2592 pedesque

587 2608 749 2683 ipsos
780 2604 1105 2667 confundi:
1149 2605 1207 2664 in
1238 2604 1538 2667 celeritate
1586 2606 1921 2667 trochaicos
1949 2606 2144 2667 trudi:
2189 2607 2463 2687 gravibus
2510 2610 2778 2689 personis

590 2701 863 2761 statarios
892 2720 1189 2763 sermones
1227 2702 1465 2762 confieri
1512 2722 1586 2762 ex
1631 2702 1956 2783 spondaeis.
2039 2703 2310 2765 Afferunt
2337 2704 2453 2765 huc
2504 2724 2623 2765 non
2651 2714 2774 2767 tam

586 2816 695 2875 pro
724 2806 899 2871 teste,
923 2816 1099 2877 quarn
1122 2817 1235 2877 pro
1254 2798 1459 2877 judice
1484 2799 1872 2879 Virgilianam
1905 2799 2300 2880 prudentiam,
2328 2798 2588 2861 divinam
2613 2801 2772 2861 illam

590 2910 736 2952 sane
782 2892 960 2953 mihi:
1002 2893 1103 2972 qui
1148 2912 1269 2954 rem
1296 2897 1603 2957 verborum
1634 2896 1824 2957 nitore
1859 2914 1932 2957 ac
1977 2915 2353 2957 numerorum
2377 2896 2780 2958 concinnitate
2823 2894 2826 2899 ’

592 2988 781 3051 oculis
812 2989 1103 3069 subjiciat.
1190 2990 1319 3069 Ego
1363 3012 1521 3066 vero,
1566 3002 1636 3053 ut
1659 2992 1870 3055 horum
1897 2992 2262 3073 diligentiam
2287 3004 2600 3055 veneratus
2628 3012 2780 3066 sum,

592 3106 770 3164 quam
794 3085 1065 3166 equidem
1105 3096 1274 3147 tanto
1302 3088 1501 3148 studio
1549 3088 1609 3148 in
1659 3089 1804 3155 meis
1835 3089 2124 3167 posmatis
2171 3089 2492 3167 exprimere
2533 3103 2780 3149 conatus

590 3182 832 3248 fuerim:
864 3183 948 3240 ita
984 3182 1041 3239 in
1075 3182 1393 3241 Comoediis
1422 3184 1636 3242 falsam
1665 3181 1840 3241 simul
1869 3192 2046 3260 atque
2067 3201 2564 3261 supervacaneam
2593 3186 2782 3243 anim·

590 3276 835 3337 adverti.
920 3277 1097 3348 Nam,
1148 3276 1197 3335 si
1243 3278 1303 3336 in
1345 3296 1726 3358 personarum
1757 3278 2010 3338 statibus
2039 3278 2307 3350 diversis,
2343 3280 2396 3337 si
2441 3278 2502 3337 in
2543 3289 2784 3341 contra-

588 3373 687 3433 riis
715 3372 989 3451 negotiiS,
1014 3374 1061 3432 si
1088 3373 1145 3431 in
1180 3372 1532 3435 Fabularum
1556 3374 2094 3455 partibusssmaxime
2119 3375 2268 3434 inter
2291 3394 2356 3433 se
2376 3373 2782 3449 dissimilibus,

589 3467 745 3527 idem
775 3489 903 3548 pes,
948 3468 1105 3527 idem
1150 3468 1369 3549 pedum
1412 3468 1579 3543 ordo,
1625 3469 1780 3531 idem
1825 3469 2147 3529 carminum
2175 3488 2364 3548 genus
2391 3469 2778 3542 ostendatur-3

582 3564 707 3643 jam
730 3565 895 3625 nulla
921 3584 1106 3625 causa
1124 3576 1237 3639 est,
1258 3568 1403 3645 quin
1428 3566 1640 3627 horum
1670 3566 1982 3636 sententia,
2001 3574 2282 3644 tanquam
2309 3585 2480 3639 vana,
2497 3567 2784 3647 exploda-

592 3672 705 3721 tur.
792 3662 949 3739 Ergo
976 3662 1035 3721 in
1064 3662 1262 3722 divina
1286 3662 1533 3735 Fabula,
1562 3680 1634 3723 ac
1662 3682 1794 3722 vere
1824 3663 2120 3732 thesauro,
2150 3682 2328 3741 quam
2356 3662 2470 3723 levi
2507 3664 2678 3725 nimis
2706 3666 2782 3725 de

590 3776 777 3816 causa
792 3757 1191 3817 Trinummum
1214 3757 1511 3837 inscripsit
1521 3758 1794 3831 Plautus,
1812 3756 2066 3838 protasis
2090 3758 2350 3819 trimetro
2378 3758 2629 3819 iambico
2657 3772 2784 3821 tota

594 3864 867 3914 constat:
908 3854 1047 3913 item
1077 3852 1340 3931 epitasis,
1362 3866 1487 3915 tum
1516 3853 1926 3933 catastrophe:
1973 3852 2210 3913 Stichus
2251 3874 2284 3914 e
2313 3854 2627 3924 contrario,
2657 3864 2784 3915 tota

592 3949 905 4010 trochaicis
935 3948 1152 4028 longis.
1234 3948 1301 4010 In
1332 3950 1702 4011 Mostellaria
1727 3951 2090 4014 adolescenti
2120 3949 2532 4021 Philolacheti,
2556 3950 2778 4010 homini

595 4045 823 4123 perdito
852 4044 1016 4118 luxu,
1042 4056 1219 4122 atque
1254 4045 1375 4106 otio
1406 4056 1703 4124 corrupto,
1749 4046 1966 4126 quique
1993 4065 2168 4106 unam
2199 4046 2374 4105 modo
2405 4066 2522 4104 rem
2559 4056 2784 4124 ageret,

594 4152 663 4203 ut
702 4143 1007 4203 inserviret
1049 4142 1261 4215 ventri,
1291 4142 1415 4203 clati
1464 4161 1668 4205 versus
1709 4154 1848 4205 sunt
1897 4143 2056 4203 omni
2103 4141 2315 4223 pedum
2369 4161 2538 4221 paene
2565 4160 2780 4220 genere
