3234 4934
664 426 708 488 4
1536 435 1954 487 PRAEE'A'I'IO.

665 582 865 649 tionis
895 580 1209 665 scriptuS,
1239 581 1470 646 itidem
1505 581 1570 645 in
1609 584 1820 646 veteri
1863 583 2265 648 membrana.
2354 583 2434 648 In
2464 585 2591 650 hoc
2622 585 2847 651 multae

661 693 820 750 suut
849 685 1312 770 aspirationes„
1348 701 1456 747 ex·
1481 703 1575 764 gr.
1608 681 1851 758 Holim,
1885 682 2201 762 Hostium,
2232 684 2436 760 michi,
2468 684 2684 764 nichil,
2705 693 2849 751 tum

657 788 825 851 bene
856 786 1084 850 multae
1113 805 1356 850 vocum
1377 788 1446 850 et
1477 784 1881 868 syllabarum
1914 793 2115 850 uotae.
2181 788 2483 867 Quartus
2502 794 2607 852 est
2633 789 2848 870 scrip-

657 893 766 952 tus
796 907 920 970 per
945 886 1439 952 Theodericum
1482 887 1570 950 de
1615 887 1898 964 Palude,
1940 885 2143 952 Anno
2190 889 2383 953 1442.
2428 895 2629 972 atque
2678 890 2849 955 adeo

657 992 974 1053 nascente
993 989 1141 1072 jam
1170 987 1330 1053 Arte
1359 988 1894 1072 Typographica,
1924 991 2123 1054 etiam
2156 991 2223 1053 in
2254 992 2656 1055 membrana.
2701 991 2846 1055 Ad-

656 1091 865 1155 ditum
897 1091 965 1154 in
993 1090 1122 1154 fine
1148 1110 1165 1154 z
1201 1087 1417 1154 Finito
1439 1087 1636 1153 Libro
1658 1089 1897 1154 sitlans
1925 1101 1985 1154 et
2009 1089 2216 1178 gloria
2245 1089 2511 1155 Christo.
2578 1093 2847 1176 Scripta

658 1200 887 1258 autem
934 1199 1087 1258 sunt
1130 1194 1355 1256 omnia
1402 1193 1706 1258 versibus
1750 1194 2031 1277 junctis.
2120 1195 2416 1274 Quintus
2474 1193 2695 1262 codex
2740 1199 2849 1258 est

655 1296 969 1378 antiquus
999 1295 1067 1359 in
1097 1295 1503 1372 membrana,
1549 1295 1660 1357 cui
1691 1293 2001 1360 Titulus:
2048 1297 2069 1329 ‘
2090 1295 2295 1358 Liber
2329 1295 2683 1379 Eographii
2717 1295 2843 1360 Ar-

654 1397 1119 1478 gumentatorii
1151 1394 1624 1460 Commentarii
1653 1392 1973 1460 Andriae!
2063 1395 2490 1478 Progreditur
2516 1397 2601 1460 ad
2631 1397 2842 1462 Phor-

653 1497 961 1575 mionem,
991 1496 1118 1560 etsi
1146 1495 1312 1560 folia
1341 1496 1477 1560 sint
1505 1496 1753 1573 lacera,
1783 1515 1902 1560 nec
1950 1505 2276 1580 appareat
2318 1497 2469 1563 finis
2516 1499 2841 1575 Eunuchi,

651 1606 771 1664 aut
799 1599 1059 1663 initium
1089 1597 1839 1663 Heautontimorumeni.
1925 1596 2096 1662 Tum
2145 1601 2447 1682 sequitur
2487 1599 2844 1666 Terentius

651 1702 920 1782 integer,
939 1698 1047 1763 cui
1067 1697 1329 1762 additur
1344 1697 1410 1760 in
1431 1697 1602 1764 fine:
1630 1703 1653 1732 ‘
1673 1699 1752 1761 P.
1771 1699 2064 1764 Terentii
2088 1697 2239 1763 Afri
2262 1700 2615 1766 Comoedia
2633 1703 2843 1767 Phor-

650 1801 784 1865 mio
804 1803 978 1865 bono
990 1798 1350 1864 scolastico
1367 1797 1669 1882 Explicit
1689 1799 2042 1867 Feliciter.'
2056 1801 2439 1866 Terentium
2456 1802 2841 1867 Priscianus

651 1903 933 1986 excipit,
967 1901 1074 1965 De
1105 1900 1337 1965 Mettis
1361 1901 1766 1966 Fabulamm
1792 1902 2107 1981 Terentii,
2131 1910 2199 1968 et
2227 1904 2508 1969 aliorum
2524 1902 2840 1969 Comico-

648 2024 815 2068 rum.
905 2003 1134 2086 Hujus
1157 2007 1415 2068 tantum
1442 2003 1573 2067 tria
1597 2001 1763 2066 folia
1792 2011 2173 2085 supersunt.
2264 2004 2454 2070 Idem
2496 2004 2603 2068 hic
2640 2004 2841 2070 Liber

635 2107 721 2169 ·in
751 2106 976 2189 plures
1019 2105 1274 2169 Sceuas
1303 2105 1639 2187 dispescit
1662 2105 2019 2168 nonnullos
2057 2104 2291 2183 Actus,
2324 2123 2527 2189 quam
2570 2106 2839 2190 quidem

649 2201 731 2270 fit'
757 2207 980 2288 vulgo.
1072 2204 1213 2284 Qui
1242 2223 1399 2269 vero
1425 2203 1471 2268 J
1475 2205 1616 2268 usti
1647 2204 1869 2286 Lipsii
1898 2205 2103 2270 fertur
2132 2207 2370 2271 Codex
2403 2207 2534 2270 Ms.
2564 2208 2626 2271 is
2660 2229 2703 2272 a
2730 2229 2837 2272 me

651 2325 983 2371 excussus
1029 2313 1134 2370 est
1180 2311 1332 2368 ante
1383 2323 1580 2387 quam
1618 2323 1712 2366 ex
1762 2306 2075 2369 auctione
2119 2308 2391 2388 publica
2421 2307 2839 2373 addiceretur

652 2406 960 2470 Leidensi
1003 2404 1540 2470 instructissimae
1573 2403 2059 2485 Bibliothecae3
2104 2425 2258 2470 cum
2296 2415 2481 2491 parte
2512 2409 2646 2472 Ms.
2677 2410 2837 2474 alte·
2886 2449 2899 2460 ·

587 2508 592 2512 ’
646 2508 811 2585 riuS,
843 2507 1140 2592 ejusdem
1167 2507 1274 2572 cl.
1306 2505 1477 2570 Viri.
1565 2505 1950 2588 Sequuntur
1990 2507 2176 2571 Libri
2222 2513 2374 2585 tres,
2415 2508 2552 2573 duo
2582 2512 2835 2593 priores

648 2609 1166 2675 Academiarum
1223 2607 1625 2694 Trajectinae
1674 2614 1743 2672 et
1792 2608 2228 2688 oxoniensis,
2285 2611 2393 2676 hic
2470 2613 2740 2695 quidem
2796 2633 2835 2678 e

649 2712 1074 2780 Bibliotheca
1100 2709 1382 2774 Thomae
1417 2709 1687 2774 Bodleii
1717 2709 2009 2793 Equitis,
2040 2730 2191 2776 cum
2225 2713 2424 2776 tertio
2456 2713 2833 2793 Markiauo,

647 2818 782 2900 qui,
832 2812 1453 2899 quadringentorum
1498 2807 1638 2876 fere
1690 2831 2014 2878 annorum
2044 2819 2327 2878 .aetatem
2382 2816 2755 2898 praeferenS,
2795 2839 2835 2882 e

625 2914 1072 2998 supellectile
1115 2911 1419 2975 Libraria
1462 2909 2028 2978 Excellentissimi
2076 2913 2503 2979 Ehrencronii
2548 2926 2765 2982 emtus
2792 2939 2837 2984 a

647 3015 1096 3081 Nobilissimo
1141 3012 1333 3088 Viro,
1368 3011 1577 3076 Henr.
1622 3013 1838 3079 Hadr.
1874 3034 2001 3079 van
2042 3014 2158 3079 der
2209 3015 2431 3094 Mark,
2477 3036 2608 3082 van
2638 3019 2833 3097 Leur,

643 3118 689 3183 J
695 3117 850 3194 Cto,
879 3115 1164 3180 antehac
1195 3114 1282 3177 ad
1317 3113 1397 3176 B.
1434 3112 1673 3178 Mariae
1721 3114 2182 3198 Ultrajcctinee
2228 3115 2595 3182 Canonico.
2668 3119 2832 3185 ,Ηο-

643 3237 789 3282 rum
817 3215 976 3279 mihi
1020 3214 1268 3277 Varias
1301 3212 1657 3276 Lectiones
1686 3213 2199 3295 'suppeditarunt
2226 3215 2830 3302 Clarissimi'atque

643 3317 1062 3382 Amicissimi
1103 3313 1278 3390 Viri,
1347 3312 1630 3377 Carolus
1655 3313 1983 3378 'Andreas
2028 3315 2360 3394 Dukerus,
2406 3318 2833 3386 Abrahamus

643 3419 1051 3493 GronoviuS,
1080 3422 1145 3480 et
1172 3414 1528 3478 Eduardus
1567 3413 1884 3480 Zurkius.
1976 3414 2111 3480 His
2164 3427 2601 3484 accesserunt
2640 3421 2831 3487 alteri

642 3527 798 3597 tres,
843 3516 1439 3602 Typographorum
1486 3535 1783 3581 meorum
1835 3535 2041 3600 opera
2088 3517 2247 3581 mihi
2298 3521 2664 3600 conciliati,
2706 3523 2833 3588 sed

643 3620 850 3705 paulo
883 3620 1119 3695 serius,
1150 3624 1222 3681 et
1253 3623 1440 3700 parte
1472 3618 1698 3699 operis
1718 3616 1857 3699 jam
1900 3617 2084 3701 typis
2113 3619 2477 3703 exscripta.
2566 3623 2829 3689 Horum

645 3721 974 3786 Codicum
1004 3722 1280 3803 primus,
1311 3725 1383 3783 ut
1409 3719 1700 3803 reliquos
1730 3725 1955 3795 aetate,
1984 3720 2083 3784 ita
2109 3720 2417 3790 lectionis
2442 3729 2832 3808 praestantia

641 3824 870 3887 vincit.
961 3820 1233 3885 Medius
1261 3819 1470 3885 forma
1498 3828 1604 3884 est
1634 3821 1932 3899 minima,
1964 3823 2217 3905 primus
2241 3829 2311 3889 et
2342 3826 2577 3890 tertius
2612 3829 2828 3893 maxi-

641 3944 787 3987 ma:
833 3941 1067 3987 omnes
1123 3926 1344 3985 tamen
1385 3923 1456 3985 in
1483 3923 1921 3988 ·membrana.
2005 3924 2147 3990 Iste
2204 3927 2483 3990 antehac
2539 3926 2829 3994 Illustris

643 4024 922 4101 Graevii,
954 4024 1144 4088 visus
1171 4022 1335 4086 mihi
1365 4031 1524 4088 ante
1546 4025 1805 4109 aliquot
1842 4045 2051 4092 annos
2079 4027 2257 4110 apud
2290 4026 2393 4091 Cl.
2415 4025 2677 4107 Virum,
2707 4029 2753 4094 J
2757 4050 2823 4096 o.

642 4122 898 4188 Theod.
926 4121 1501 4202 Schalbruchium,
1529 4125 1737 4209 Lycei
1780 4126 2445 4194 Amsteleedamensis
2476 4127 2826 4196 Professo-

643 4243 806 4302 rem,
833 4231 904 4288 et
925 4224 1312 4291 scholarum
1351 4223 1740 4308 Rectorem,
1773 4228 1893 4294 sed
1922 4230 2155 4294 usibus
2184 4230 2350 4294 meis
2384 4237 2676 4314 negatus,
2708 4232 2825 4298 de-
