3234 4934
1010 422 1108 469 nn
1157 422 1434 471 Murius
1481 422 2026 473 ΤΕιιΕΝτιΑΝιε.
2126 438 2130 443 v
2480 406 2611 474 165

413 563 671 639 inv'idia‚
701 564 1067 633 subv’enitez
1111 566 1282 643 quasi
1311 564 1500 645 legas,
1532 565 1819 645 adjv’erit‚
1856 564 2047 625 diitias
2076 566 2217 643 (vel,
2246 575 2313 625 ut
2342 564 2440 624 alii
2484 584 2607 625 ma·-

416 662 568 733 lunt,
600 660 811 738 ditias)
834 660 1113 733 enimero,
1142 662 1380 733 ineniet,
1420 660 1625 734 inidia,
1657 662 1943 721 subenite.
2003 661 2048 719 L
2077 660 2413 740 deperditur
2448 680 2606 741 saepe

413 756 474 815 in
505 758 866 837 pronomine,
891 757 1028 830 ill’e,
1057 757 1200 828 ill’a,
1231 756 1394 815 ill'ud
1438 776 1545 836 per
1581 776 1786 816 ornnes
1814 774 2011 827 casus,
2053 755 2212 829 ill'ic,
2238 756 2439 816 ill'uc:
2482 766 2607 817 tum

415 853 804 931 icorripitur;
847 852 947 925 ile,
995 853 1097 924 ila,
1143 852 1290 924 ilud,
1319 858 1429 911 διο.
1477 863 1544 912 ut
1585 863 1644 912 et
1692 853 1961 912 nonnulli
2009 853 2186 914 etiam
2237 854 2480 933 legunt:
2524 853 2607 925 in,
2664 894 2671 899 -

414 949 757 1027 paulu’lum,
787 949 1086 1009 eliduntur
1114 950 1132 1009 l
1165 959 1224 1008 et
1249 970 1310 1017 u,
1343 960 1410 1009 ut
1435 948 1687 1028 legatur,
1711 950 1951 1027 paulum
1976 970 1991 1008 :
2050 947 2211 1028 quod
2246 959 2306 1008 et
2334 948 2433 1008 alii
2460 948 2608 1008 alte-

412 1045 534 1105 rius
565 1044 697 1105 loco
727 1054 1038 1127 reponunt.
1123 1044 1166 1103 S
1195 1044 1465 1124 abjicitur
1513 1045 1594 1116 in,
1654 1044 2011 1123 hujfis’modi
2061 1055 2124 1104 et
2170 1044 2496 1124 ejus’modi,
2544 1054 2612 1104 ut

413 1142 880 1223 antepenultima
921 1142 1286 1223 corripiatur.
1371 1144 1463 1214 In,
1507 1141 1658 1214 ist’e,
1694 1142 1845 1213 ist'a,
1876 1141 2052 1201 ist’ud
2082 1152 2144 1201 et
2187 1143 2425 1220 reliquis
2455 1144 2609 1203 casi-

410 1240 545 1311 bus,
571 1238 766 1313 istu’c‚
793 1238 967 1311 ist’ic‚
993 1238 1196 1310 ist'aec‚
1223 1236 1539 1309 ist’orsum,
1567 1236 1809 1317 quidam
1832 1236 1887 1309 s,
1915 1236 2014 1296 alii
2041 1248 2068 1298 t
2104 1239 2333 1298 malunt
2369 1237 2607 1311 elidere,

413 1334 522 1393 uti
550 1335 722 1394 breve
751 1345 1081 1394 censeatur.
1167 1334 1236 1391 ln
1281 1332 1398 1391 fine
1427 1330 1750 1391 dictionum
1798 1347 1959 1411 saepe
2005 1334 2393 1393 absumuntur
2420 1333 2461 1393 d
2488 1345 2549 1395 et
2578 1356 2607 1393 s

413 1440 550 1491 ante
585 1430 826 1510 quasvis
857 1429 1092 1489 literas:
1138 1428 1245 1489 sed
1274 1438 1412 1487 ante
1435 1436 1837 1488 consonantes
1864 1427 2011 1507 ipsse
2042 1429 2185 1487 solae
2210 1448 2226 1488 :
2270 1440 2408 1490 ante
2432 1448 2610 1489 voca-

412 1525 500 1585 les
529 1545 692 1599 vero,
717 1544 840 1585 non
864 1524 1054 1584 solum
1084 1525 1252 1604 ipsse,
1285 1524 1391 1584 sed
1417 1524 1640 1584 vocalis
1670 1523 1804 1584 illas
1840 1523 2187 1603 praecedens
2212 1542 2227 1585 :
2272 1535 2451 1605 atque
2479 1525 2608 1586 boec

411 1622 534 1682 fere
562 1629 704 1682 sunt
747 1623 807 1681 in
855 1620 1069 1701 quibus
1099 1623 1446 1682 absorbetur
1475 1621 1514 1681 d
1540 1640 1555 1679 :
1600 1620 1698 1681 ad'
1730 1624 1818 1698 (et
1842 1621 1905 1680 in
1934 1621 2284 1701 composit0,
2333 1621 2611 1697 ad’sum,)

411 1717 611 1797 apu'd,
641 1717 741 1791 id’,
768 1714 932 1797 quid’
973 1720 1253 1797 (maxime
1299 1728 1436 1779 ante
1463 1737 1809 1798 pronomen,
1850 1717 1983 1790 iste,
2030 1718 2165 1790 ista,
2194 1718 2381 1796 istud)
2407 1719 2614 1799 quod',

411 1813 558 1874 sed'.
644 1815 686 1874 S
715 1814 774 1873 in
801 1814 1309 1875 terminationibus
1339 1834 1428 1888 as,
1457 1835 1545 1887 es,
1573 1834 1665 1889 os,
1713 1813 2155 1874 excludendum
2201 1833 2321 1874 non
2364 1814 2610 1887 offendi,

411 1908 525 1968 nisi
553 1910 635 1984 in,
666 1909 836 1981 dies’,
867 1910 1112 1983 narras’,
1140 1911 1275 1983 res’,
1302 1920 1362 1970 et
1387 1911 1607 1970 taces’:
1651 1910 1713 1967 in
1749 1909 1803 1969 is
1824 1928 2021 1989 parce,
2052 1908 2230 1989 idque
2265 1909 2405 1969 dum
2430 1912 2607 1972 breve

415 2016 528 2077 est,
557 2006 740 2065 veluti
767 2006 829 2064 in
858 2007 1245 2079 nominativo,
1272 2006 1525 2085 anguis’,
1551 2006 1813 2078 mensis’,
1838 2006 2066 2086 pestis’‚
2093 2007 2163 2066 is’
2190 2026 2325 2066 cum
2348 2017 2446 2066 est
2470 2026 2608 2086 pro·

407 2120 663 2163 nomen:
706 2103 765 2161 in
797 2101 1080 2181 genitivo,
1121 2113 1208 2176 ut,
1257 2101 1702 2175 adolescentis',
1746 2100 2251 2180 venustatis’que:
2308 2100 2370 2159 in
2396 2102 2608 2173 verbis,

411 2209 498 2273 ut,
545 2197 714 2277 agis’,
756 2197 989 2273 credis’‚
1031 2198 1222 2269 dicis’‚
1267 2197 1588 2259 obtundis'.
1676 2199 1767 2270 In,
1815 2197 2048 2277 magis’,
2093 2208 2156 2257 et
2183 2197 2347 2257 satis'
2384 2198 2608 2277 passim

411 2293 760 2355 absorbetur
789 2313 852 2354 s:
895 2304 1038 2353 sunt
1063 2304 1264 2355 tamen
1306 2296 1409 2375 qui
1437 2296 1498 2354 iu
1543 2294 1661 2355 illis
1690 2294 1838 2355 locis
1874 2282 2085 2354 malint
2103 2293 2305 2374 legere
2332 2314 2519 2374 mage,
2548 2304 2611 2355 et

410 2400 524 2451 sat.
605 2392 675 2449 In
705 2390 1062 2452 dictionibus
1111 2393 1171 2451 in
1201 2412 1274 2453 us
1315 2393 1491 2452 breve
1519 2390 1929 2453 desinentibus
1957 2391 2261 2452 elisionem
2288 2388 2611 2450 admittunt

410 2488 588 2547 etiam
637 2486 677 2544 ii
721 2488 822 2565 qui
870 2488 1124 2561 creticis,
1171 2488 1455 2561 bacchiis,
1504 2498 1567 2549 et
1611 2487 2045 2567 amphibrachis
2091 2496 2376 2546 utuntur:
2427 2487 2609 2560 utin,

411 2582 604 2661 opus',
630 2580 848 2655 herus’,
878 2583 1167 2657 stolidus’,
1195 2582 1403 2663 ipsus’,
1447 2582 1837 2657 dehortatus’,
1877 2583 2045 2662 ejus’,
2086 2582 2303 2663 hujus’,
2354 2582 2611 2661 quibus’,

412 2676 660 2749 sumus’,
687 2677 932 2757 aliisque
976 2679 1314 2739 innumeris.
1399 2678 1518 2746 Qui
1547 2678 1733 2759 pedes
1776 2678 1911 2737 illos
1940 2678 2228 2758 rejiciunt,
2255 2698 2327 2738 us
2354 2678 2615 2757 produc--

411 2784 538 2834 tum
565 2773 742 2833 etiam
769 2774 1130 2849 interimunt,
1160 2787 1228 2837 ut
1276 2777 1358 2849 in,
1386 2778 1541 2836 rus':
1588 2776 1810 2837 audent
1844 2776 2019 2835 etiarn
2049 2773 2268 2835 elidere
2294 2777 2333 2833 b
2361 2775 2446 2846 in,
2469 2774 2565 2833 ob'
2590 2794 2607 2831 :

411 2868 430 2928 l
460 2868 516 2929 in
552 2869 778 2929 simul’:
821 2889 880 2929 m
907 2882 1043 2931 ante
1090 2881 1492 2932 consonantes
1522 2870 1605 2940 in,
1634 2868 1895 2949 quidem’
1922 2880 1986 2930 et
2008 2870 2222 2929 enim':
2269 2879 2445 2947 atque
2477 2879 2500 2927 t
2524 2864 2610 2939 in,

411 2966 561 3036 erit’,
590 2966 884 3037 excessit’‚
911 2967 1093 3038 facit',
1136 2966 1376 3037 liceret’,
1419 2964 1673 3037 occidit’,
1717 2964 1989 3043 oportet'‚
2030 2963 2273 3035 studet',
2318 2974 2379 3022 et
2407 2964 2609 3023 simili-

413 3063 567 3120 bus:
611 3059 810 3132 sicin,
839 3060 1004 3138 quot’
1051 3069 1112 3119 et
1154 3061 1261 3120 ut’.
1348 3058 1467 3119 Sed
1497 3060 1574 3119 de
1616 3059 1871 3131 diaeresi,
1918 3060 2225 3139 synaeresi,
2269 3068 2329 3118 et
2362 3058 2609 3118 elisione

411 3156 723 3217 hactenuS.
806 3154 963 3215 Illud
1018 3165 1081 3215 et
1128 3156 1243 3215 hoc
1292 3155 1428 3215 loco
1477 3153 1856 3227 monendum,
1899 3154 2059 3233 apud
2107 3152 2267 3211 hunc
2311 3160 2611 3213 auctorem

411 3252 637 3332 passim
664 3252 908 3312 inveniri
934 3251 1174 3313 vocales
1201 3252 1412 3313 finales
1439 3270 1558 3311 non
1580 3250 1757 3310 elisas
1784 3248 1972 3328 (quod
2000 3248 2116 3307 hac
2144 3256 2288 3307 nota
2315 3252 2354 3282 “
2371 3267 2611 3327 expres-

415 3348 624 3425 simus)
648 3357 786 3408 ante
829 3347 978 3408 alias
1007 3348 1282 3409 vocales:
1327 3346 1508 3426 idque
1556 3347 1619 3405 in
1666 3364 1787 3406 uno
1834 3355 2012 3424 atque
2060 3342 2269 3405 eodem
2297 3363 2507 3404 versu:
2550 3355 2612 3407 et

413 3453 642 3515 contra,
696 3444 758 3503 in
814 3444 1078 3504 versibus
1135 3443 1386 3504 diversis
1437 3444 1704 3502 vocalem
1770 3440 2005 3499 finalem
2060 3440 2273 3519 prioris
2329 3459 2367 3499 a
2419 3441 2613 3505 vocali

416 3540 718 3616 sequentis
747 3540 1088 3600 absorberi:
1132 3550 1196 3600 et
1243 3560 1450 3599 rursus
1498 3540 1749 3618 primam
1792 3534 2041 3597 secundi
2073 3555 2279 3595 versus
2327 3535 2405 3596 ad
2433 3537 2609 3598 finem

415 3634 624 3715 prioris
651 3634 980 3712 pertinere:
1022 3635 1180 3695 idem
1195 3635 1490 3715 judicium
1521 3634 1596 3694 de
1625 3632 1983 3695 dictionibus
2013 3631 2071 3690 in
2102 3652 2161 3690 m
2183 3630 2608 3705 desinentibus,

415 3748 550 3790 cum
581 3730 843 3807 sequitur
869 3731 1218 3792 vocabulum
1249 3752 1286 3791 a
1311 3731 1501 3793 vocali
1531 3731 1841 3812 incipiens.
1920 3729 2197 3788 Ceterum
2227 3726 2463 3787 vocales
2490 3727 2608 3786 illas

413 3824 622 3884 finales
673 3842 794 3883 non
820 3822 1009 3897 elisoe,
1051 3844 1187 3903 quoe
1227 3836 1440 3887 natura
1465 3838 1569 3885 aut
1605 3826 1975 3905 diphthongo
2002 3822 2485 3902 producerentur,
2510 3822 2608 3897 bic

415 3922 536 3983 fere
564 3919 996 3999 corripiuntur:
1043 3920 1335 3981 interdum
1381 3931 1578 3981 tamen
1628 3920 1929 3979 invariatae
1958 3928 2221 3991 manent,
2270 3926 2335 3976 et
2358 3918 2609 3979 maxime

416 4027 554 4077 ante
599 4016 718 4087 ‘hl
765 4014 931 4095 quod
978 4016 1076 4077 hic
1127 4037 1287 4098 saepe
1336 4019 1421 4079 ita
1469 4018 1707 4097 plenam
1750 4018 1868 4077 vim
1904 4015 2085 4075 habet
2110 4012 2514 4085 consonantis,
2542 4023 2609 4074 ut

418 4110 762 4191 praecedens
785 4111 980 4173 brevis
1009 4112 1068 4173 in
1099 4132 1156 4173 m
1187 4116 1276 4175 vel
1305 4116 1482 4177 aliam
1524 4132 1851 4175 consonam
1895 4110 2175 4173 desinens
2201 4108 2399 4189 positu
2427 4108 2609 4189 longa

419 4217 748 4273 censeatur.
833 4210 1060 4277 Horum
1104 4212 1364 4276 omnium
1411 4212 1685 4291 exempla
1731 4211 1849 4273 huc
1893 4224 2213 4287 congerere
2260 4224 2608 4286 supervaca-
