3234 4934
599 395 688 458 4⁰
1374 405 1739 454 τΕιιιιΝτιι
1792 405 1990 452 virs.

600 551 685 612 aT
712 549 936 610 erentio
964 547 1221 627 quodam
1253 549 1492 608 Lucano
1519 557 1733 619 emtuS,
1770 566 1808 605 a
1832 566 1951 625 qno
1978 555 2039 606 et
2066 563 2277 604 nomen
2306 546 2775 624 ipsum-fortasse

599 645 806 726 potnit·
834 645 1120 723 accipere,
1166 643 1334 704 aliter
1377 654 1551 704 antea
1600 643 1797 704 dictus
1841 643 1997 723 apud
2042 661 2203 702 suos.
2288 641 2381 700 De
2422 642 2535 702 hoc
2578 653 2775 703 tamen

598 749 808 819 prester
833 739 1228 818 conjecturam
1261 739 1456 798 habeo
1485 737 1647 798 nihil.
1732 739 1801 798 Id
1830 738 1988 817 quod
2016 746 2273 809 constat,
2310 737 2507 798 literas
2537 739 2775 799 Latinas

601 835 806 895 Romae
837 834 1059 906 didicit,
1087 834 1166 894 ad
1187 836 1743 913 poeticam-pronum
1764 845 1825 895 et
1843 834 2131 912 praecipue
2144 832 2525 901 comoediam3
2568 853 2687 911 quo
2715 834 2775 893 in

603 931 1042 1010 generefacile,
1069 939 1136 990 ut
1164 931 1304 990 mihi
1331 930 1579 1005 videtur,
1609 950 1811 990 omnes
1834 941 1972 990 ante
2000 951 2062 990 se
2081 930 2239 989 vicit.
2292 928 2445 988 Nam
2462 939 2777 1006 sequentes

600 1026 776 1086 etiam
803 1046 840 1086 a
888 1025 1196 1087 scribendo
1240 1025 1536 1100 deterruit,
1586 1047 1697 1088 nec
1741 1028 1883 1097 fere,
1932 1046 2105 1105 quem
2150 1025 2428 1096 noverim,
2474 1025 2777 1085 comoedioe

601 1121 848 1202 scriptor
875 1122 1068 1182 clarus
1107 1133 1246 1201 post
1289 1123 1622 1182 Terentium
1671 1123 1801 1182 fuit.
1910 1119 2156 1201 Scripsit
2205 1119 2523 1181 comoedias
2577 1119 2777 1180 forsan

598 1217 826 1296 plnres:
872 1217 999 1292 sed,
1027 1238 1166 1297 quae
1189 1218 1479 1278 habentur
1502 1218 1565 1277 in
1593 1218 1885 1290 manibus,
1914 1236 2019 1277 sex
2040 1225 2200 1289 sunt,
2222 1236 2357 1294 quae
2378 1234 2484 1295 per
2510 1213 2775 1276 ordinem

601 1313 714 1373 hoc
741 1313 1036 1373 volumine
1083 1314 1494 1374 continentur:
1553 1313 1819 1390 quamvis
1867 1314 1995 1392 ipse
2041 1313 2187 1372 ordo
2236 1332 2353 1372 non
2398 1312 2458 1370 in
2506 1311 2777 1370 omnibus

603 1407 998 1468 voluminibus
1043 1429 1196 1468 unus
1242 1409 1338 1468 sit.
1423 1407 1757 1485 Utcumque
1802 1426 1941 1473 vero
1986 1408 2103 1468 sint
2140 1407 2293 1482 aliae,
2340 1408 2555 1485 ubique
2596 1406 2783 1486 prima

601 1505 860 1564 omnium
887 1514 982 1564 est
1006 1504 1268 1564 Andria:
1314 1523 1494 1584 quam
1531 1503 1920 1575 Comoediam,
1966 1504 2308 1585 priusquam
2336 1502 2607 1562 aedilibus
2636 1520 2779 1562 ven-

601 1599 786 1673 deret,
809 1612 879 1660 ut
905 1600 1191 1660 Eusebius
1225 1600 1381 1661 idem
1409 1600 1512 1672 ait,
1544 1599 1785 1659 Caecilio
1814 1599 2059 1659 multum
2088 1617 2155 1658 se
2184 1597 2427 1656 miranti·
2440 1597 2603 1676 legit.
2684 1597 2778 1657 De

601 1698 844 1757 materia
871 1695 1304 1757 Comoediarum
1332 1696 1489 1775 loqui
1518 1696 1807 1774 prolixum
1827 1704 1953 1756 est:
1998 1695 2074 1754 de
2094 1693 2455 1773 expositione
2474 1691 2775 1773 prolixius.

602 1791 724 1850 Sed
751 1791 1036 1872 cujusque
1063 1791 1360 1852 materiam
1391 1792 1452 1850 in
1483 1802 1831 1870 argumento
1866 1792 1992 1870 ejus
2020 1791 2370 1870 perbreviter
2396 1788 2779 1867 comprehen-

601 1907 726 1946 sam
783 1889 967 1950 lector
1013 1886 1308 1955 inveniet:
1373 1886 1797 1967 expositionem
1854 1887 2053 1947 studio
2094 1897 2157 1946 et
2202 1885 2437 1964 ingenio
2486 1883 2777 1945 molietur.

600 1981 808 2041 Genus
859 1983 1147 2062 poematis
1201 2001 1436 2042 carmen
1493 1982 1828 2055 iambicum,
1886 1983 1993 2043 sed
2047 1982 2289 2044 varium.
2386 1980 2573 2042 lambi
2622 1982 2777 2040 enim

599 2078 858 2137 materiae
887 2078 1126 2138 comicae
1156 2079 1278 2157 apti
1307 2090 1466 2138 sunt.
1549 2080 1618 2138 ln
1650 2079 1971 2140 Comoediis
1993 2079 2228 2159 quidem
2247 2097 2539 2158 nusquam
2556 2077 2779 2136 Auctor

597 2173 876 2252 loquitur,
906 2174 1012 2235 sed
1039 2173 1392 2235 introductus
1436 2192 1748 2253 personoe:
1812 2195 1985 2254 quem
2014 2193 2229 2235 morem
2258 2174 2355 2233 hic
2382 2171 2459 2232 ad
2489 2171 2776 2250 Prologos

597 2269 912 2329 transferre
957 2271 1195 2338 nititurz
1248 2270 1462 2348 quibus
1508 2271 1833 2330 scribendis
1882 2269 2221 2329 aemulorum
2271 2267 2489 2327 invidia
2534 2285 2777 2326 causam

600 2363 785 2424 dedit.
872 2364 1370 2442 Respondendum
1399 2365 1554 2426 enim
1581 2375 1729 2439 erat,
1756 2386 1831 2426 ne
1858 2366 2006 2426 forte
2028 2365 2355 2445 procacitas
2386 2362 2629 2442 gloriam
2654 2381 2777 2424 me-

595 2469 837 2531 reretur,
876 2459 1288 2544 infamiamque
1331 2459 1642 2522 modestia.
1726 2461 1953 2520 Horum
1993 2479 2127 2521 vero
2156 2458 2405 2520 stimulis
2442 2477 2513 2518 ac
2533 2458 2777 2519 vocibus

599 2555 858 2635 agitatus
877 2555 1058 2616 fertur
1085 2555 1350 2616 Athenas
1373 2555 1633 2637 petiisse,
1662 2565 1729 2616 ut
1756 2557 2101 2616 Groecorum
2130 2555 2365 2635 penitus
2388 2555 2625 2634 ingenia
2650 2573 2776 2614 mo-

597 2669 810 2729 resque
841 2662 1254 2730 pernosceret:
1302 2661 1384 2723 et,
1404 2650 1775 2724 cum,multis
1792 2651 1853 2710 in
1874 2651 2142 2710 Latinam
2164 2651 2426 2730 ling-uam
2455 2649 2776 2723 translatis,

597 2757 738 2827 post
773 2746 1014 2826 aliquod
1042 2757 1274 2826 tempus
1301 2747 1424 2806 voti
1450 2765 1693 2826 compos
1722 2747 1972 2807 Romam
1996 2755 2280 2806 remearet
2304 2764 2439 2806 cum
2466 2744 2777 2805 sarcinulis

599 2851 661 2900 et
689 2839 1031 2914 Comoediis,
1057 2860 1207 2922 quas
1244 2841 1322 2902 ibi
1346 2841 1687 2921 scripserat,
1713 2840 1773 2900 in
1802 2840 1997 2901 navim
2036 2841 2345 2920 impositis,
2372 2839 2499 2920 ipse
2523 2841 2778 2900 terrestri

591 2924 800 2998 itinere
828 2937 1039 2998 Patras
1067 2937 1428 3016 perrexisse:
1470 2936 1630 2996 unde
1658 2937 1819 2997 brevi
1845 2937 2096 2997 transitu
2118 2937 2177 2996 in
2206 2936 2432 2997 Italiam
2454 2935 2773 3014 navigaret.

485 3070 494 3080 -
597 3031 714 3091 Ubi
741 3044 1096 3113 exspectatae
1125 3034 1288 3094 navis
1315 3032 1517 3094 audito
1545 3034 1873 3112 naufragio,
1901 3053 2035 3113 quoe
2062 3033 2218 3094 circa
2244 3033 2449 3093 Sinum
2478 3031 2775 3111 Illyricum

595 3127 928 3206 periclitata
949 3140 1094 3202 erat,
1124 3141 1306 3190 tantoe
1325 3129 1574 3208 jacturae
1593 3128 1797 3188 dolore
1812 3139 2107 3208 permotus
2125 3127 2493 3207 Stimphalim
2516 3127 2575 3186 in
2593 3128 2776 3186 Arca-

598 3221 756 3282 diam
811 3223 1181 3284 decessisset
1249 3224 1446 3302 ibique
1497 3223 1813 3284 defunctus
1860 3244 1931 3284 ac
1978 3224 2243 3302 sepultus
2288 3221 2523 3302 publice
2566 3222 2773 3282 fuisse.

598 3315 855 3380 Periisse
902 3320 1122 3380 eumin
1153 3319 1426 3393 Arcadia,
1471 3320 1601 3398 ipso
1644 3318 1855 3381 eodem
1898 3329 2050 3380 teste
2092 3317 2367 3389 Eusebio,
2411 3329 2613 3377 notum
2660 3326 2776 3377 est·

601 3417 680 3476 Et
706 3413 966 3492 inprimis
1001 3414 1241 3492 quidem
1283 3425 1536 3493 quatuor
1563 3415 1899 3487 comediis,
1940 3415 2167 3476 scilicet
2191 3413 2433 3485 Andria,
2463 3413 2772 3487 Eunucho,

597 3509 1281 3581 Heautontimorumeno,
1308 3508 1618 3589 Adelphis,
1635 3509 2027 3570 Menandrum
2056 3509 2425 3569 comicorum
2454 3509 2774 3590 principem

601 3606 946 3666 Graecorum
995 3605 1256 3670 imitatus
1293 3605 1584 3675 creditur;
1649 3606 1811 3686 quod
1853 3615 1915 3666 et
1959 3607 2203 3667 rubricae
2244 3605 2772 3666 vetustissimorum

597 3700 870 3762 codicum
897 3701 1168 3760 innuunt.
1253 3701 1407 3770 Quin
1437 3713 1665 3781 partem
1702 3702 2026 3782 scripturae,
2053 3702 2193 3781 quia
2227 3701 2361 3780 plus
2388 3701 2772 3774 confusionis,

599 3817 780 3876 quam
829 3796 978 3856 lucis
1027 3797 1244 3857 habere
1286 3797 1415 3857 visa
1462 3810 1575 3870 est,
1618 3799 1813 3860 sciens
1860 3798 2052 3858 omisi.
2132 3797 2394 3857 Innuunt
2424 3807 2506 3856 ,ει
2533 3797 2772 3877 Prologi

599 3892 840 3973 quidam
867 3893 927 3950 in
953 3891 1193 3971 reliquis
1221 3892 1451 3954 duabus
1488 3895 1913 3975 Apollodorum
1946 3894 2331 3955 Corinthium.
2414 3892 2769 3953 Vendidisse

599 4005 733 4047 eum
762 3987 1110 4049 Eunuchum
1149 4007 1341 4062 suum,
1385 3989 1540 4050 fama
1565 4002 1678 4065 est,
1719 3991 1921 4071 viginti
1948 3990 2200 4051 millibus
2229 4005 2562 4048 nummum:
2603 3985 2768 4066 quod

601 4083 851 4159 pretium
887 4092 1023 4144 ante
1071 4103 1206 4144 eum
1249 4085 1446 4146 nullus
1491 4097 1814 4166 acceperat.
1892 4086 1991 4145 Ad
2044 4103 2355 4156 summum,
2397 4101 2505 4142 suo
2554 4101 2767 4162 genere

603 4176 883 4259 poetandi
907 4187 1108 4244 tantus
1133 4179 1220 4240 vir
1257 4179 1388 4252 suit,
1416 4191 1484 4242 ut
1524 4182 1921 4264 Hieronymus
1970 4181 2121 4244 inter
2146 4189 2398 4259 quatuor
2439 4179 2763 4260 poetarum,
