3234 4934
1299 451 1715 502 ramnum.
2518 443 2606 509 17

410 602 534 664 ilio
560 601 630 664 in
654 599 785 664 hoc
813 595 1286 662 commentario
1313 597 1616 679 plurimae
1642 596 1907 661 lacunae
1935 597 2297 680 suppletae,
2340 600 2605 684 aliaque

415 703 675 767 infinita
699 705 920 765 errata
937 697 1310 788 integritati
1331 716 1476 761 suae
1499 696 1815 761 restituta
1836 705 2013 762 sunt.
2052 698 2098 762 J
2102 707 2383 764 averunt
2402 703 2604 766 etiarn

409 803 708 868 nonnihil
729 801 1147 866 collectanea
1175 799 1510 883 quendam,
1537 818 1691 882 quae
1716 799 1793 864 in·
1814 799 2229 866 bibliotheca
2257 803 2441 886 regia
2471 803 2605 869 Pa-

411 905 694 982 risiensi,
723 909 790 969 et
815 902 1090 968 schedae
1117 907 1278 966 vett.
1312 901 1460 966 Pet.
1485 899 1795 966 Danielis
1825 900 2193 983 Aureliani,
2220 903 2349 968 viri
2373 905 2605 970 huma·-

409 1005 692 1070 nissimi.
779 1002 918 1070 Sed
969 1001 1201 1068 nescio
1242 1002 1362 1086 qui
1414 1003 1619 1068 veluti
1666 1001 1753 1067 de
1798 1012 2159 1088 compacto
2188 1005 2485 1084 ‘factum
2532 1014 2605 1072 ut

409 1105 658 1172 Graeca
682 1105 820 1171 fere
843 1107 1072 1170 omnia
1096 1105 1168 1172 in
1199 1105 1512 1170 omnibus
1541 1104 1731 1170 libris
1759 1105 1927 1170 adeo
1958 1107 2205 1174 vitiose
2234 1107 2503 1191 scripta,
2534 1115 2606 1174 ut

410 1227 560 1274 raro
601 1209 760 1293 quid
793 1207 948 1272 inde
986 1206 1148 1272 boni
1193 1206 1524 1272 extricare
1550 1206 1837 1286 licuerit,
1882 1208 1997 1272 vel
2037 1209 2379 1291 indagare,
2414 1205 2603 1292 'quod

412 1310 646 1393 specie
665 1309 831 1374 recti
857 1309 1171 1393 placeret.
1261 1306 1505 1390 Itaque
1531 1325 1669 1372 non
1706 1315 1941 1374 nostro
1982 1311 2245 1388 saltem,
2276 1311 2397 1375 sed
2430 1311 2597 1375 alio·

413 1431 558 1478 rum
599 1431 874 1496 quoque
903 1410 1188 1494 judicio,
1222 1409 1643 1476 characteres
1672 1413 1951 1478 vitiosos
1973 1431 2346 1498 proponere
2388 1416 2603 1480 volui·

411 1533 592 1592 mus,
610 1520 686 1579 ut
713 1513 987 1578 cuilibet
1003 1531 1126 1596 pro
1149 1519 1354 1596 captu
1385 1531 1468 1576 ac
1488 1512 1789 1580 lubidine
1819 1515 2225 1580 emendandi
2266 1535 2477 1582 causa
2504 1537 2601 1581 re-

407 1618 812 1701 linqueretur
836 1616 1110 1698 integra.

499 1717 952 1801 Eugrapbium
979 1737 1116 1782 non
1143 1719 1260 1782 uni
1289 1717 1634 1784 debemus.
1724 1716 1983 1783 Praeter
2016 1737 2239 1802 pauca
2258 1721 2431 1784 enim
2462 1719 2603 1799 illa,

412 1841 566 1906 quae
593 1821 793 1905 hujus
821 1820 1206 1886 scholiastae
1251 1819 1554 1886 Faernus
1607 1820 1707 1884 vir
1756 1820 2307 1903 diligentissimus
2338 1822 2501 1887 olim
2529 1826 2601 1888 in

413 1922 615 1989 Italia
640 1924 1090 2007 provulgavit,
1135 1924 1275 1989 alia
1317 1924 1513 2005 longe
1559 1923 1757 2007 plura
1794 1943 1883 1988 ex
1933 1924 2403 2007 antiquissimo
2431 1925 2603 1992 libro

411 2023 574 2090 Ant.
605 2025 886 2090 Loiselli
911 2025 982 2090 J.
1011 2023 1090 2090 G.
1137 2045 1312 2090 nunc
1362 2027 1645 2108 primum
1696 2025 1911 2090 edita:
1956 2030 2045 2102 et,
2088 2045 2243 2109 quoe
2291 2025 2453 2090 huic
2495 2027 2606 2090 de-

412 2136 622 2205 erant,
664 2147 755 2192 ex
791 2127 1097 2193 nobiliss.
1153 2127 1390 2192 Franc.
1447 2125 1731 2191 olivarii
1773 2126 2007 2191 codice
2056 2127 2379 2212 suppleta
2427 2111 2603 2194 sunt.

411 2227 660 2294 Cetera
683 2247 842 2294 vero
874 2248 1026 2312 quae
1054 2227 1535 2304 desiderantur,
1581 2229 1645 2291 si
1674 2228 1846 2293 tanti
1874 2227 2289 2306 videbuntur,
2320 2249 2363 2293 a
2389 2227 2604 2293 felici-

413 2331 650 2396 oribus
691 2332 946 2396 meliori
992 2331 1249 2397 saeculo
1287 2331 1430 2396 fors
1473 2329 1623 2394 fuat
1649 2347 1737 2394 an
1765 2329 1835 2394 in
1860 2329 2076 2394 lucem
2104 2329 2382 2412 proferri
2411 2336 2605 2415 pote-

409 2441 608 2498 runt:
651 2451 832 2511 nm,
859 2437 936 2498 ut
963 2451 1091 2496 nos
1117 2432 1228 2497 hic
1257 2431 1448 2496 Italis
1476 2431 1672 2514 plura
1700 2431 2161 2514 praestitimus‚
2200 2431 2328 2509 sic,
2356 2429 2476 2496 alii
2502 2431 2605 2496 di-

407 2533 749 2618 ligentiam
773 2542 1066 2599 nostram
1111 2533 1172 2598 si
1213 2533 1651 2616 supplebunt,
1687 2551 1825 2596 non
1870 2532 2333 2598 invidebimus.
2418 2533 2605 2600 Laus

411 2644 524 2702 est
563 2636 852 2720 publica.
941 2635 1153 2701 Extat
1197 2635 1467 2719 quidem
1503 2633 1790 2698 Parisiis
1845 2634 1915 2698 in
1966 2633 2375 2701 bibliotheca
2418 2637 2602 2720 regia

409 2747 856 2804 commentum
885 2737 956 2802 in
974 2738 1150 2803 hunc
1172 2736 1545 2815 comicum,
1569 2735 1935 2821 Eugraphii
1956 2737 2157 2802 titulo
2178 2732 2561 2820 insignitum
2582 2759 2601 2804 t

411 2839 534 2904 sed
565 2839 734 2904 adeo
761 2839 1094 2922 ineptum,
1124 2837 1428 2920 adeoque
1456 2836 1654 2918 nugis
1683 2839 1983 2920 plenum,
2017 2844 2101 2924 ,ut
2149 2857 2301 2904 vere
2340 2842 2485 2925 quis
2514 2859 2603 2904 ex

411 2941 778 3007 Luciorum
807 2940 1038 3004 schola
1067 2939 1332 3004 detonsi
1371 2939 1731 3022 cujusdam
1760 2939 2159 3004 tenebrionis
2188 2941 2433 3006 dixerit
2458 2942 2605 3006 bla-

409 3048 883 3108 tetamentum:
953 3040 1214 3105 idcirco
1267 3040 1470 3103 etiam
1524 3039 1854 3122 ejusmodi
1913 3039 2177 3104 affaniis
2244 3040 2603 3105 editionem

409 3145 582 3209 banc
611 3143 1059 3208 contaminare
1088 3140 1286 3206 nobis
1317 3140 1551 3224 religio
1579 3139 1731 3206 fuit·-

677 3610 1322 3679 ExcERP'rA
1405 3609 1466 3677 E
1552 3571 2348 3677 PRAEFA'rroNE

952 3737 1212 3807 ΕΒΗ).
1258 3735 1681 3804 HENRICI
1724 3735 2072 3804 ΒοΤΗΕ.

844 3925 890 3970 Ι
1064 3924 1108 3968 ff
1274 3921 1318 3964 ὕ
1489 3923 1534 3966 Ι
1706 3919 1747 3961 0
1918 3921 1961 3965 ff
2135 3924 2178 3968 ff

417 4015 760 4094 CoLnA‘rl
794 4032 953 4093 sunt
993 4029 1065 4092 in
1110 4043 1306 4092 usum
1352 4025 1551 4110 hujus
1581 4023 1895 4091 editionis
1924 4027 2199 4092 codices
2253 4023 2421 4088 Mss.
2450 4039 2602 4102 sex,

414 4127 597 4214 paris
624 4125 1108 4215 propemodum
1156 4129 1377 4194 aetatis
1430 4147 1680 4207 omme,
1716 4145 2001 4212 quorum
2031 4128 2323 4213 quinque
2347 4126 2606 4209 integri,

417 4231 584 4296 alter
612 4239 844 4297 autem
870 4227 1560 4316 Guelferbytanorum,
1589 4250 1787 4313 quem
1822 4229 2259 4313 posteriorem
2289 4248 2488 4308 vocO,
2519 4247 2607 4292 ex

547 4349 724 4414 Daph.
745 4355 795 4400 et
819 4347 934 4402 Ver.
954 4349 1081 4399 Clau.
1441 4345 1629 4398 Terent.
2430 4347 2476 4394 Β
