<?xml version="1.0" encoding="UTF-8"?>
<!DOCTYPE html PUBLIC "-//W3C//DTD XHTML 1.0 Transitional//EN"
    "http://www.w3.org/TR/xhtml1/DTD/xhtml1-transitional.dtd">
<html xmlns="http://www.w3.org/1999/xhtml" xml:lang="en" lang="en">
 <head>
  <title>
</title>
<meta http-equiv="Content-Type" content="text/html;charset=utf-8" />
  <meta name='ocr-system' content='tesseract 3.04.00' />
  <meta name='ocr-capabilities' content='ocr_page ocr_carea ocr_par ocr_line ocrx_word'/>
</head>
<body>
  <div class='ocr_page' id='page_1' title='image "./comoedisex10westgoog_0193.png"; bbox 0 0 3234 4934; ppageno 0'>
   <div class='ocr_carea' id='block_1_1' title="bbox 1115 408 2643 475">
    <p class='ocr_par' dir='ltr' id='par_1_1' title="bbox 1115 408 2643 475">
     <span class='ocr_line' id='line_1_1' title="bbox 1115 408 2643 475; baseline 0.002 -3"><span class='ocrx_word' id='word_1_1' title='bbox 1115 421 1216 473; x_wconf 75' lang='lat' dir='ltr'>nn</span> <span class='ocrx_word' id='word_1_2' title='bbox 1257 419 1562 472; x_wconf 73' lang='lat' dir='ltr'>soumis</span> <span class='ocrx_word' id='word_1_3' title='bbox 1607 420 1997 473; x_wconf 68' lang='lat' dir='ltr'>venerans.</span> <span class='ocrx_word' id='word_1_4' title='bbox 2509 408 2643 475; x_wconf 71' lang='grc'>185</span> 
     </span>
    </p>
   </div>
   <div class='ocr_carea' id='block_1_2' title="bbox 442 558 2642 4268">
    <p class='ocr_par' dir='ltr' id='par_1_2' title="bbox 442 558 2642 4268">
     <span class='ocr_line' id='line_1_2' title="bbox 696 558 2157 643; baseline 0.003 -25"><span class='ocrx_word' id='word_1_5' title='bbox 696 558 830 619; x_wconf 71' lang='grc' dir='ltr'>Υέεἷ</span> <span class='ocrx_word' id='word_1_6' title='bbox 856 561 973 640; x_wconf 68' lang='grc' dir='ltr'>ἐμῷ·</span> <span class='ocrx_word' id='word_1_7' title='bbox 1001 563 1182 621; x_wconf 62' lang='grc' dir='ltr'>κλυτὰ</span> <span class='ocrx_word' id='word_1_8' title='bbox 1207 562 1418 643; x_wconf 75' lang='grc' dir='ltr'>τεῦχεα</span> <span class='ocrx_word' id='word_1_9' title='bbox 1445 559 1683 641; x_wconf 79' lang='grc' dir='ltr'>δόμεναι</span> <span class='ocrx_word' id='word_1_10' title='bbox 1715 564 2157 642; x_wconf 75' lang='grc' dir='ltr'>παμφανόωντα.</span> 
     </span>
     <span class='ocr_line' id='line_1_3' title="bbox 457 655 2641 741; baseline 0.002 -25"><span class='ocrx_word' id='word_1_11' title='bbox 457 656 569 717; x_wconf 83' lang='lat' dir='ltr'>Est</span> <span class='ocrx_word' id='word_1_12' title='bbox 591 655 748 715; x_wconf 87' lang='lat' dir='ltr'>enim</span> <span class='ocrx_word' id='word_1_13' title='bbox 773 655 1030 735; x_wconf 75' lang='grc' dir='ltr'>δόμεναι,</span> <span class='ocrx_word' id='word_1_14' title='bbox 1058 656 1229 735; x_wconf 84' lang='lat' dir='ltr'>quasi</span> <span class='ocrx_word' id='word_1_15' title='bbox 1257 656 1477 736; x_wconf 77' lang='grc' dir='ltr'>δόμναι,</span> <span class='ocrx_word' id='word_1_16' title='bbox 1507 658 1681 732; x_wconf 82' lang='lat' dir='ltr'>sicut,</span> <span class='ocrx_word' id='word_1_17' title='bbox 1710 657 2024 731; x_wconf 83' lang='lat' dir='ltr'>abietibus,</span> <span class='ocrx_word' id='word_1_18' title='bbox 2052 667 2117 717; x_wconf 85' lang='lat' dir='ltr'>et</span> <span class='ocrx_word' id='word_1_19' title='bbox 2141 658 2342 733; x_wconf 85' lang='lat' dir='ltr'>ariete,</span> <span class='ocrx_word' id='word_1_20' title='bbox 2358 670 2423 719; x_wconf 85' lang='lat' dir='ltr'>et</span> <span class='ocrx_word' id='word_1_21' title='bbox 2446 662 2641 741; x_wconf 82' lang='lat' dir='ltr'>parie-</span> 
     </span>
     <span class='ocr_line' id='line_1_4' title="bbox 451 750 1296 814; baseline 0.005 -4"><span class='ocrx_word' id='word_1_22' title='bbox 451 750 650 813; x_wconf 83' lang='lat' dir='ltr'>tibus:</span> <span class='ocrx_word' id='word_1_23' title='bbox 693 761 754 811; x_wconf 86' lang='lat' dir='ltr'>et</span> <span class='ocrx_word' id='word_1_24' title='bbox 779 751 894 813; x_wconf 86' lang='lat' dir='ltr'>hoc</span> <span class='ocrx_word' id='word_1_25' title='bbox 921 751 1296 814; x_wconf 87' lang='lat' dir='ltr'>Ennianum:</span> 
     </span>
     <span class='ocr_line' id='line_1_5' title="bbox 695 847 2236 929; baseline 0.003 -24"><span class='ocrx_word' id='word_1_26' title='bbox 695 847 1002 925; x_wconf 81' lang='lat' dir='ltr'>Capitibus</span> <span class='ocrx_word' id='word_1_27' title='bbox 1031 856 1310 907; x_wconf 86' lang='lat' dir='ltr'>nutantes</span> <span class='ocrx_word' id='word_1_28' title='bbox 1339 848 1535 926; x_wconf 86' lang='lat' dir='ltr'>pinus,</span> <span class='ocrx_word' id='word_1_29' title='bbox 1561 858 1873 927; x_wconf 85' lang='lat' dir='ltr'>rectasque</span> <span class='ocrx_word' id='word_1_30' title='bbox 1902 868 2236 929; x_wconf 74' lang='lat' dir='ltr'>cupressos.</span> 
     </span>
     <span class='ocr_line' id='line_1_6' title="bbox 453 941 2636 1026; baseline 0.003 -27"><span class='ocrx_word' id='word_1_31' title='bbox 453 941 522 999; x_wconf 91' lang='lat' dir='ltr'>In</span> <span class='ocrx_word' id='word_1_32' title='bbox 551 942 764 1019; x_wconf 86' lang='lat' dir='ltr'>quibus</span> <span class='ocrx_word' id='word_1_33' title='bbox 791 950 989 1004; x_wconf 86' lang='lat' dir='ltr'>tamen</span> <span class='ocrx_word' id='word_1_34' title='bbox 1035 943 1344 1019; x_wconf 71' lang='grc' dir='ltr'>συλλήψεις</span> <span class='ocrx_word' id='word_1_35' title='bbox 1391 954 1552 1018; x_wconf 83' lang='lat' dir='ltr'>sunt,</span> <span class='ocrx_word' id='word_1_36' title='bbox 1600 944 1981 1020; x_wconf 84' lang='lat' dir='ltr'>pronuntiato</span> <span class='ocrx_word' id='word_1_37' title='bbox 2010 946 2051 1019; x_wconf 87' lang='lat' dir='ltr'>i,</span> <span class='ocrx_word' id='word_1_38' title='bbox 2094 965 2201 1026; x_wconf 85' lang='lat' dir='ltr'>pro</span> <span class='ocrx_word' id='word_1_39' title='bbox 2246 956 2636 1019; x_wconf 80' lang='lat' dir='ltr'>consonante,</span> 
     </span>
     <span class='ocr_line' id='line_1_7' title="bbox 455 1036 1216 1114; baseline 0.004 -20"><span class='ocrx_word' id='word_1_40' title='bbox 455 1036 605 1095; x_wconf 86' lang='lat' dir='ltr'>sicut</span> <span class='ocrx_word' id='word_1_41' title='bbox 631 1037 746 1097; x_wconf 90' lang='lat' dir='ltr'>hoc</span> <span class='ocrx_word' id='word_1_42' title='bbox 775 1057 947 1097; x_wconf 86' lang='lat' dir='ltr'>versu</span> <span class='ocrx_word' id='word_1_43' title='bbox 986 1037 1113 1097; x_wconf 83' lang='grc' dir='ltr'>Ὀδ.</span> <span class='ocrx_word' id='word_1_44' title='bbox 1144 1040 1216 1114; x_wconf 83' lang='grc' dir='ltr'>γ’.</span> 
     </span>
     <span class='ocr_line' id='line_1_8' title="bbox 858 1133 1571 1213; baseline 0.001 -21"><span class='ocrx_word' id='word_1_45' title='bbox 858 1133 1048 1192; x_wconf 88' lang='grc' dir='ltr'>Πόλλ’</span> <span class='ocrx_word' id='word_1_46' title='bbox 1076 1134 1319 1213; x_wconf 63' lang='grc' dir='ltr'>ἔνι-φήμ’</span> <span class='ocrx_word' id='word_1_47' title='bbox 1344 1135 1571 1213; x_wconf 73' lang='grc' dir='ltr'>ἔθεμεν.</span> 
     </span>
     <span class='ocr_line' id='line_1_9' title="bbox 453 1227 2640 1310; baseline 0.002 -22"><span class='ocrx_word' id='word_1_48' title='bbox 453 1230 560 1289; x_wconf 88' lang='lat' dir='ltr'>Est</span> <span class='ocrx_word' id='word_1_49' title='bbox 605 1230 759 1288; x_wconf 88' lang='lat' dir='ltr'>enim</span> <span class='ocrx_word' id='word_1_50' title='bbox 786 1230 935 1307; x_wconf 80' lang='grc' dir='ltr'>μήρι’</span> <span class='ocrx_word' id='word_1_51' title='bbox 984 1232 1076 1289; x_wconf 75' lang='grc' dir='ltr'>ἔθε</span> <span class='ocrx_word' id='word_1_52' title='bbox 1109 1230 1417 1308; x_wconf 85' lang='lat' dir='ltr'>dactylus:</span> <span class='ocrx_word' id='word_1_53' title='bbox 1461 1238 1561 1289; x_wconf 81' lang='grc' dir='ltr'>νῦν</span> <span class='ocrx_word' id='word_1_54' title='bbox 1589 1227 1637 1287; x_wconf 80' lang='grc' dir='ltr'>δ’</span> <span class='ocrx_word' id='word_1_55' title='bbox 1682 1232 1816 1289; x_wconf 71' lang='grc' dir='ltr'>αὖτέ</span> <span class='ocrx_word' id='word_1_56' title='bbox 1853 1254 1927 1310; x_wconf 84' lang='grc' dir='ltr'>με</span> <span class='ocrx_word' id='word_1_57' title='bbox 1952 1235 2100 1310; x_wconf 76' lang='grc' dir='ltr'>φίλε·</span> <span class='ocrx_word' id='word_1_58' title='bbox 2136 1232 2392 1303; x_wconf 70' lang='grc' dir='ltr'>Ἀθήνης</span> <span class='ocrx_word' id='word_1_59' title='bbox 2450 1230 2543 1290; x_wconf 80' lang='lat' dir='ltr'>vel</span> <span class='ocrx_word' id='word_1_60' title='bbox 2570 1241 2640 1292; x_wconf 88' lang='lat' dir='ltr'>ut</span> 
     </span>
     <span class='ocr_line' id='line_1_10' title="bbox 451 1324 2640 1408; baseline 0.001 -23"><span class='ocrx_word' id='word_1_61' title='bbox 451 1324 610 1397; x_wconf 83' lang='lat' dir='ltr'>alibi,</span> <span class='ocrx_word' id='word_1_62' title='bbox 638 1331 819 1405; x_wconf 80' lang='grc' dir='ltr'>φίλαι,</span> <span class='ocrx_word' id='word_1_63' title='bbox 848 1328 1104 1397; x_wconf 68' lang='grc' dir='ltr'>Ἀθὴνηε</span> <span class='ocrx_word' id='word_1_64' title='bbox 1147 1335 1207 1384; x_wconf 80' lang='lat' dir='ltr'>et</span> <span class='ocrx_word' id='word_1_65' title='bbox 1233 1328 1403 1405; x_wconf 74' lang='grc' dir='ltr'>ἔξοχα</span> <span class='ocrx_word' id='word_1_66' title='bbox 1428 1325 1540 1399; x_wconf 81' lang='grc' dir='ltr'>γάρ</span> <span class='ocrx_word' id='word_1_67' title='bbox 1559 1350 1661 1403; x_wconf 88' lang='grc' dir='ltr'>μιν</span> <span class='ocrx_word' id='word_1_68' title='bbox 1676 1326 1908 1405; x_wconf 76' lang='grc' dir='ltr'>ἐφίλατο</span> <span class='ocrx_word' id='word_1_69' title='bbox 1929 1326 2175 1387; x_wconf 65' lang='grc' dir='ltr'>Παλλάς</span> <span class='ocrx_word' id='word_1_70' title='bbox 2203 1328 2461 1401; x_wconf 68' lang='grc' dir='ltr'>Ἀθήνης</span> <span class='ocrx_word' id='word_1_71' title='bbox 2503 1348 2640 1408; x_wconf 89' lang='lat' dir='ltr'>pro-</span> 
     </span>
     <span class='ocr_line' id='line_1_11' title="bbox 449 1418 2642 1501; baseline 0.001 -22"><span class='ocrx_word' id='word_1_72' title='bbox 449 1420 840 1479; x_wconf 77' lang='lat' dir='ltr'>nuntiandum</span> <span class='ocrx_word' id='word_1_73' title='bbox 881 1420 1037 1478; x_wconf 88' lang='lat' dir='ltr'>enim</span> <span class='ocrx_word' id='word_1_74' title='bbox 1079 1418 1249 1499; x_wconf 87' lang='lat' dir='ltr'>quasi</span> <span class='ocrx_word' id='word_1_75' title='bbox 1301 1419 1536 1497; x_wconf 86' lang='lat' dir='ltr'>gemino</span> <span class='ocrx_word' id='word_1_76' title='bbox 1592 1424 1693 1492; x_wconf 86' lang='grc' dir='ltr'>λλ,</span> <span class='ocrx_word' id='word_1_77' title='bbox 1754 1430 1819 1479; x_wconf 92' lang='lat' dir='ltr'>ut</span> <span class='ocrx_word' id='word_1_78' title='bbox 1863 1433 1924 1500; x_wconf 81' lang='grc' dir='ltr'>φι</span> <span class='ocrx_word' id='word_1_79' title='bbox 1964 1422 2209 1501; x_wconf 82' lang='lat' dir='ltr'>longum</span> <span class='ocrx_word' id='word_1_80' title='bbox 2265 1424 2388 1483; x_wconf 89' lang='lat' dir='ltr'>fiat.</span> <span class='ocrx_word' id='word_1_81' title='bbox 2473 1423 2642 1483; x_wconf 87' lang='lat' dir='ltr'>Sicut</span> 
     </span>
     <span class='ocr_line' id='line_1_12' title="bbox 443 1514 657 1589; baseline 0.01 -15"><span class='ocrx_word' id='word_1_82' title='bbox 443 1516 551 1576; x_wconf 87' lang='grc' dir='ltr'>Ἰλ.</span> <span class='ocrx_word' id='word_1_83' title='bbox 579 1514 657 1589; x_wconf 80' lang='grc' dir='ltr'>β’.</span> 
     </span>
     <span class='ocr_line' id='line_1_13' title="bbox 753 1610 1995 1691; baseline 0.001 -22.022"><span class='ocrx_word' id='word_1_84' title='bbox 753 1610 936 1670; x_wconf 86' lang='grc' dir='ltr'>’Ίλιον</span> <span class='ocrx_word' id='word_1_85' title='bbox 963 1612 1284 1686; x_wconf 72' lang='grc' dir='ltr'>ἐκπέρσαντ’</span> <span class='ocrx_word' id='word_1_86' title='bbox 1319 1612 1605 1691; x_wconf 74' lang='grc' dir='ltr'>εὖτείχεον</span> <span class='ocrx_word' id='word_1_87' title='bbox 1633 1614 1995 1671; x_wconf 75' lang='grc' dir='ltr'>ἀπονέεσθαι.</span> 
     </span>
     <span class='ocr_line' id='line_1_14' title="bbox 449 1704 2635 1784; baseline 0.002 -20"><span class='ocrx_word' id='word_1_88' title='bbox 449 1705 634 1775; x_wconf 81' lang='lat' dir='ltr'>Quasi</span> <span class='ocrx_word' id='word_1_89' title='bbox 678 1710 822 1767; x_wconf 72' lang='grc' dir='ltr'>ἀπ.</span> <span class='ocrx_word' id='word_1_90' title='bbox 907 1705 1051 1765; x_wconf 87' lang='lat' dir='ltr'>Tale</span> <span class='ocrx_word' id='word_1_91' title='bbox 1090 1714 1151 1765; x_wconf 88' lang='lat' dir='ltr'>et</span> <span class='ocrx_word' id='word_1_92' title='bbox 1191 1704 1338 1764; x_wconf 84' lang='lat' dir='ltr'>illud</span> <span class='ocrx_word' id='word_1_93' title='bbox 1366 1705 1566 1781; x_wconf 72' lang='lat' dir='ltr'>&#39;&#39;,Apes</span> <span class='ocrx_word' id='word_1_94' title='bbox 1601 1707 1773 1784; x_wconf 82' lang='lat' dir='ltr'>quasi</span> <span class='ocrx_word' id='word_1_95' title='bbox 1800 1706 2016 1784; x_wconf 69' lang='grc' dir='ltr'>Ἀῥρεε</span> <span class='ocrx_word' id='word_1_96' title='bbox 2041 1726 2174 1767; x_wconf 86' lang='lat' dir='ltr'>esse</span> <span class='ocrx_word' id='word_1_97' title='bbox 2201 1706 2454 1768; x_wconf 78' lang='lat' dir='ltr'>videtur.</span> <span class='ocrx_word' id='word_1_98' title='bbox 2540 1709 2635 1769; x_wconf 86' lang='lat' dir='ltr'>Ita</span> 
     </span>
     <span class='ocr_line' id='line_1_15' title="bbox 446 1800 2635 1883; baseline 0 -21"><span class='ocrx_word' id='word_1_99' title='bbox 446 1812 508 1862; x_wconf 88' lang='lat' dir='ltr'>et</span> <span class='ocrx_word' id='word_1_100' title='bbox 557 1802 885 1881; x_wconf 79' lang='grc' dir='ltr'>φιλομείδηι·</span> <span class='ocrx_word' id='word_1_101' title='bbox 927 1800 1252 1883; x_wconf 76' lang='grc' dir='ltr'>’,Αφροὸίτη</span> <span class='ocrx_word' id='word_1_102' title='bbox 1298 1800 1479 1862; x_wconf 88' lang='lat' dir='ltr'>babet</span> <span class='ocrx_word' id='word_1_103' title='bbox 1528 1806 1600 1860; x_wconf 86' lang='grc' dir='ltr'>λο</span> <span class='ocrx_word' id='word_1_104' title='bbox 1648 1801 1937 1883; x_wconf 78' lang='lat' dir='ltr'>syllabam</span> <span class='ocrx_word' id='word_1_105' title='bbox 1980 1802 2348 1882; x_wconf 87' lang='lat' dir='ltr'>productam.</span> <span class='ocrx_word' id='word_1_106' title='bbox 2434 1804 2513 1864; x_wconf 90' lang='lat' dir='ltr'>Et</span> <span class='ocrx_word' id='word_1_107' title='bbox 2538 1804 2635 1863; x_wconf 90' lang='lat' dir='ltr'>hic</span> 
     </span>
     <span class='ocr_line' id='line_1_16' title="bbox 445 1894 2538 1978; baseline 0.001 -23"><span class='ocrx_word' id='word_1_108' title='bbox 445 1915 648 1958; x_wconf 83' lang='lat' dir='ltr'>versus</span> <span class='ocrx_word' id='word_1_109' title='bbox 677 1899 944 1958; x_wconf 87' lang='lat' dir='ltr'>similiter</span> <span class='ocrx_word' id='word_1_110' title='bbox 969 1896 1462 1978; x_wconf 85' lang='lat' dir='ltr'>pronuntiationis</span> <span class='ocrx_word' id='word_1_111' title='bbox 1491 1894 1880 1974; x_wconf 87' lang='lat' dir='ltr'>productione</span> <span class='ocrx_word' id='word_1_112' title='bbox 1909 1906 2296 1970; x_wconf 78' lang='lat' dir='ltr'>sustentatur,</span> <span class='ocrx_word' id='word_1_113' title='bbox 2326 1898 2434 1958; x_wconf 87' lang='grc' dir='ltr'>Ἰλ.</span> <span class='ocrx_word' id='word_1_114' title='bbox 2464 1901 2519 1973; x_wconf 78' lang='grc' dir='ltr'>γ’</span> <span class='ocrx_word' id='word_1_115' title='bbox 2523 1943 2538 1958; x_wconf 94' lang='grc'>.</span> 
     </span>
     <span class='ocr_line' id='line_1_17' title="bbox 766 1990 2079 2071; baseline -0.001 -18"><span class='ocrx_word' id='word_1_116' title='bbox 766 1993 999 2053; x_wconf 61' lang='lat' dir='ltr'>Albaue</span> <span class='ocrx_word' id='word_1_117' title='bbox 1024 2017 1087 2053; x_wconf 75' lang='lat' dir='ltr'>re</span> <span class='ocrx_word' id='word_1_118' title='bbox 1113 2018 1214 2071; x_wconf 84' lang='grc' dir='ltr'>μοι</span> <span class='ocrx_word' id='word_1_119' title='bbox 1241 1994 1388 2062; x_wconf 73' lang='grc' dir='ltr'>ἐσσὶ,</span> <span class='ocrx_word' id='word_1_120' title='bbox 1431 1996 1565 2071; x_wconf 79' lang='grc' dir='ltr'>φίλε</span> <span class='ocrx_word' id='word_1_121' title='bbox 1593 1993 1771 2069; x_wconf 75' lang='grc' dir='ltr'>ἑκυρὲ,</span> <span class='ocrx_word' id='word_1_122' title='bbox 1796 1990 1973 2051; x_wconf 69' lang='grc' dir='ltr'>δεινός</span> <span class='ocrx_word' id='word_1_123' title='bbox 1999 2016 2079 2053; x_wconf 78' lang='grc' dir='ltr'>τε.</span> 
     </span>
     <span class='ocr_line' id='line_1_18' title="bbox 448 2087 2635 2168; baseline 0 -20"><span class='ocrx_word' id='word_1_124' title='bbox 448 2088 604 2148; x_wconf 87' lang='lat' dir='ltr'>Nam</span> <span class='ocrx_word' id='word_1_125' title='bbox 652 2098 715 2150; x_wconf 87' lang='lat' dir='ltr'>et</span> <span class='ocrx_word' id='word_1_126' title='bbox 757 2090 1035 2168; x_wconf 87' lang='lat' dir='ltr'>aspiratio</span> <span class='ocrx_word' id='word_1_127' title='bbox 1076 2088 1268 2149; x_wconf 83' lang='lat' dir='ltr'>brevis</span> <span class='ocrx_word' id='word_1_128' title='bbox 1311 2087 1530 2147; x_wconf 81' lang='lat' dir='ltr'>vocalis</span> <span class='ocrx_word' id='word_1_129' title='bbox 1578 2088 2113 2167; x_wconf 82' lang='lat' dir='ltr'>pronuntiationem</span> <span class='ocrx_word' id='word_1_130' title='bbox 2166 2096 2529 2155; x_wconf 76' lang='lat' dir='ltr'>remoratur-3</span> <span class='ocrx_word' id='word_1_131' title='bbox 2574 2088 2635 2148; x_wconf 90' lang='lat' dir='ltr'>e&#39;t</span> 
     </span>
     <span class='ocr_line' id='line_1_19' title="bbox 443 2181 2597 2265; baseline -0.001 -20"><span class='ocrx_word' id='word_1_132' title='bbox 443 2183 613 2263; x_wconf 76' lang='grc' dir='ltr'>ρεδει,</span> <span class='ocrx_word' id='word_1_133' title='bbox 640 2194 734 2245; x_wconf 86' lang='lat' dir='ltr'>est</span> <span class='ocrx_word' id='word_1_134' title='bbox 753 2186 924 2265; x_wconf 84' lang='lat' dir='ltr'>quasi</span> <span class='ocrx_word' id='word_1_135' title='bbox 949 2183 1171 2262; x_wconf 72' lang='grc' dir='ltr'>ρεδδειε</span> <span class='ocrx_word' id='word_1_136' title='bbox 1216 2182 1642 2244; x_wconf 71' lang='grc' dir='ltr'>8ἰοιιῐ“Έδδεισε</span> <span class='ocrx_word' id='word_1_137' title='bbox 1671 2181 1723 2241; x_wconf 81' lang='grc' dir='ltr'>δ’</span> <span class='ocrx_word' id='word_1_138' title='bbox 1743 2184 1971 2254; x_wconf 79' lang='grc' dir='ltr'>Ἑλένη.</span> <span class='ocrx_word' id='word_1_139' title='bbox 2056 2183 2349 2242; x_wconf 78' lang='lat' dir='ltr'>Rursum:</span> <span class='ocrx_word' id='word_1_140' title='bbox 2394 2182 2499 2243; x_wconf 86' lang='grc' dir='ltr'>Ἰλ.</span> <span class='ocrx_word' id='word_1_141' title='bbox 2532 2184 2597 2243; x_wconf 81' lang='grc' dir='ltr'>ε’.</span> 
     </span>
     <span class='ocr_line' id='line_1_20' title="bbox 683 2278 2325 2341; baseline -0.001 -2"><span class='ocrx_word' id='word_1_142' title='bbox 683 2281 801 2341; x_wconf 76' lang='grc' dir='ltr'>Καὶ</span> <span class='ocrx_word' id='word_1_143' title='bbox 831 2286 897 2341; x_wconf 76' lang='grc' dir='ltr'>νύ</span> <span class='ocrx_word' id='word_1_144' title='bbox 924 2304 1021 2340; x_wconf 80' lang='grc' dir='ltr'>κεν</span> <span class='ocrx_word' id='word_1_145' title='bbox 1049 2283 1131 2339; x_wconf 74' lang='grc' dir='ltr'>ἔτι</span> <span class='ocrx_word' id='word_1_146' title='bbox 1157 2285 1401 2340; x_wconf 75' lang='grc' dir='ltr'>πλέονας</span> <span class='ocrx_word' id='word_1_147' title='bbox 1426 2283 1634 2339; x_wconf 76' lang='grc' dir='ltr'>λυκίων</span> <span class='ocrx_word' id='word_1_148' title='bbox 1662 2282 1827 2341; x_wconf 76' lang='grc' dir='ltr'>κτάνε</span> <span class='ocrx_word' id='word_1_149' title='bbox 1856 2278 1973 2340; x_wconf 79' lang='grc' dir='ltr'>δῖοι·</span> <span class='ocrx_word' id='word_1_150' title='bbox 1995 2278 2325 2338; x_wconf 74' lang='grc' dir='ltr'>Ὀδυσσεῦι·.</span> 
     </span>
     <span class='ocr_line' id='line_1_21' title="bbox 448 2373 2636 2457; baseline -0 -22"><span class='ocrx_word' id='word_1_151' title='bbox 448 2376 576 2437; x_wconf 85' lang='lat' dir='ltr'>Etsi</span> <span class='ocrx_word' id='word_1_152' title='bbox 603 2385 834 2457; x_wconf 85' lang='lat' dir='ltr'>poterat</span> <span class='ocrx_word' id='word_1_153' title='bbox 858 2377 1054 2437; x_wconf 81' lang='lat' dir='ltr'>facere</span> <span class='ocrx_word' id='word_1_154' title='bbox 1083 2378 1202 2437; x_wconf 80' lang='grc' dir='ltr'>Καὶ</span> <span class='ocrx_word' id='word_1_155' title='bbox 1233 2378 1344 2436; x_wconf 78' lang='grc' dir='ltr'>νΰκ’</span> <span class='ocrx_word' id='word_1_156' title='bbox 1370 2379 1453 2437; x_wconf 71' lang='grc' dir='ltr'>ἔτι</span> <span class='ocrx_word' id='word_1_157' title='bbox 1479 2375 1746 2449; x_wconf 57' lang='grc' dir='ltr'>πλέονας)</span> <span class='ocrx_word' id='word_1_158' title='bbox 1786 2386 1983 2435; x_wconf 88' lang='lat' dir='ltr'>tamen</span> <span class='ocrx_word' id='word_1_159' title='bbox 2024 2373 2171 2434; x_wconf 88' lang='lat' dir='ltr'>illud</span> <span class='ocrx_word' id='word_1_160' title='bbox 2210 2374 2435 2447; x_wconf 88' lang='lat' dir='ltr'>maluit,</span> <span class='ocrx_word' id='word_1_161' title='bbox 2464 2374 2636 2435; x_wconf 88' lang='lat' dir='ltr'>nimi-</span> 
     </span>
     <span class='ocr_line' id='line_1_22' title="bbox 443 2469 2634 2551; baseline 0.001 -21"><span class='ocrx_word' id='word_1_162' title='bbox 443 2490 570 2530; x_wconf 84' lang='lat' dir='ltr'>rum</span> <span class='ocrx_word' id='word_1_163' title='bbox 596 2472 1070 2550; x_wconf 77' lang='lat' dir='ltr'>pronuntiatione</span> <span class='ocrx_word' id='word_1_164' title='bbox 1114 2490 1348 2531; x_wconf 86' lang='lat' dir='ltr'>versum</span> <span class='ocrx_word' id='word_1_165' title='bbox 1385 2470 1760 2551; x_wconf 83' lang='lat' dir='ltr'>expediente,</span> <span class='ocrx_word' id='word_1_166' title='bbox 1808 2478 2061 2550; x_wconf 85' lang='lat' dir='ltr'>quatuor</span> <span class='ocrx_word' id='word_1_167' title='bbox 2086 2469 2361 2529; x_wconf 84' lang='lat' dir='ltr'>brevibus</span> <span class='ocrx_word' id='word_1_168' title='bbox 2390 2470 2634 2550; x_wconf 83' lang='lat' dir='ltr'>syllabis</span> 
     </span>
     <span class='ocr_line' id='line_1_23' title="bbox 445 2562 2267 2643; baseline 0.001 -19"><span class='ocrx_word' id='word_1_169' title='bbox 445 2584 626 2627; x_wconf 79' lang='lat' dir='ltr'>unam</span> <span class='ocrx_word' id='word_1_170' title='bbox 652 2564 894 2643; x_wconf 84' lang='lat' dir='ltr'>longam</span> <span class='ocrx_word' id='word_1_171' title='bbox 918 2575 978 2625; x_wconf 85' lang='lat' dir='ltr'>et</span> <span class='ocrx_word' id='word_1_172' title='bbox 1004 2565 1156 2624; x_wconf 86' lang='lat' dir='ltr'>duas</span> <span class='ocrx_word' id='word_1_173' title='bbox 1181 2567 1386 2626; x_wconf 84' lang='lat' dir='ltr'>breves</span> <span class='ocrx_word' id='word_1_174' title='bbox 1418 2566 1767 2626; x_wconf 80' lang='lat' dir='ltr'>sonantibus</span> <span class='ocrx_word' id='word_1_175' title='bbox 1791 2586 1809 2625; x_wconf 73' lang='grc' dir='ltr'>ι</span> <span class='ocrx_word' id='word_1_176' title='bbox 1851 2567 2007 2625; x_wconf 88' lang='lat' dir='ltr'>sicut</span> <span class='ocrx_word' id='word_1_177' title='bbox 2032 2562 2161 2625; x_wconf 79' lang='grc' dir='ltr'>Ὀδ.</span> <span class='ocrx_word' id='word_1_178' title='bbox 2192 2566 2267 2629; x_wconf 73' lang='grc' dir='ltr'>ἕ.</span> 
     </span>
     <span class='ocr_line' id='line_1_24' title="bbox 766 2659 2168 2739; baseline 0.001 -20"><span class='ocrx_word' id='word_1_179' title='bbox 766 2661 887 2719; x_wconf 78' lang='grc' dir='ltr'>Καὶ</span> <span class='ocrx_word' id='word_1_180' title='bbox 910 2663 1036 2721; x_wconf 74' lang='grc' dir='ltr'>τότε</span> <span class='ocrx_word' id='word_1_181' title='bbox 1060 2662 1314 2731; x_wconf 76' lang='grc' dir='ltr'>Φαιήκων</span> <span class='ocrx_word' id='word_1_182' title='bbox 1341 2663 1397 2720; x_wconf 76' lang='grc' dir='ltr'>ἐς</span> <span class='ocrx_word' id='word_1_183' title='bbox 1423 2663 1593 2720; x_wconf 63' lang='grc' dir='ltr'>Δπόλιν</span> <span class='ocrx_word' id='word_1_184' title='bbox 1615 2664 1751 2739; x_wconf 70' lang='grc' dir='ltr'>ἴμεν</span> <span class='ocrx_word' id='word_1_185' title='bbox 1778 2659 1864 2731; x_wconf 81' lang='grc' dir='ltr'>ἠδ’</span> <span class='ocrx_word' id='word_1_186' title='bbox 1888 2664 2168 2736; x_wconf 74' lang='grc' dir='ltr'><strong>ἐρέεσθαι.</strong></span> 
     </span>
     <span class='ocr_line' id='line_1_25' title="bbox 446 2754 2635 2837; baseline -0.001 -20"><span class='ocrx_word' id='word_1_187' title='bbox 446 2756 558 2817; x_wconf 84' lang='lat' dir='ltr'>Est</span> <span class='ocrx_word' id='word_1_188' title='bbox 594 2758 748 2816; x_wconf 83' lang='lat' dir='ltr'>enim</span> <span class='ocrx_word' id='word_1_189' title='bbox 775 2760 947 2816; x_wconf 83' lang='grc' dir='ltr'>πόλιν</span> <span class='ocrx_word' id='word_1_190' title='bbox 987 2758 1142 2834; x_wconf 65' lang='grc' dir='ltr'>ἴμεν,</span> <span class='ocrx_word' id='word_1_191' title='bbox 1188 2754 1460 2836; x_wconf 83' lang='lat' dir='ltr'>dactylus</span> <span class='ocrx_word' id='word_1_192' title='bbox 1505 2776 1628 2816; x_wconf 89' lang='lat' dir='ltr'>non</span> <span class='ocrx_word' id='word_1_193' title='bbox 1670 2756 1932 2837; x_wconf 83' lang='lat' dir='ltr'>syllabis,</span> <span class='ocrx_word' id='word_1_194' title='bbox 1989 2756 2094 2817; x_wconf 88' lang='lat' dir='ltr'>sed</span> <span class='ocrx_word' id='word_1_195' title='bbox 2142 2754 2325 2816; x_wconf 84' lang='lat' dir='ltr'>veteri</span> <span class='ocrx_word' id='word_1_196' title='bbox 2374 2774 2635 2834; x_wconf 87' lang='lat' dir='ltr'>pronun-</span> 
     </span>
     <span class='ocr_line' id='line_1_26' title="bbox 444 2849 2635 2931; baseline 0 -20"><span class='ocrx_word' id='word_1_197' title='bbox 444 2852 710 2923; x_wconf 85' lang='lat' dir='ltr'>tiatione,</span> <span class='ocrx_word' id='word_1_198' title='bbox 737 2870 914 2929; x_wconf 86' lang='lat' dir='ltr'>quam</span> <span class='ocrx_word' id='word_1_199' title='bbox 942 2869 1052 2909; x_wconf 89' lang='lat' dir='ltr'>nos</span> <span class='ocrx_word' id='word_1_200' title='bbox 1102 2850 1424 2929; x_wconf 84' lang='lat' dir='ltr'>exprimere</span> <span class='ocrx_word' id='word_1_201' title='bbox 1474 2851 1682 2930; x_wconf 83' lang='lat' dir='ltr'>lingua</span> <span class='ocrx_word' id='word_1_202' title='bbox 1710 2852 1905 2910; x_wconf 87' lang='lat' dir='ltr'>aliena</span> <span class='ocrx_word' id='word_1_203' title='bbox 1929 2871 2049 2911; x_wconf 88' lang='lat' dir='ltr'>non</span> <span class='ocrx_word' id='word_1_204' title='bbox 2081 2870 2415 2931; x_wconf 87' lang='lat' dir='ltr'>possumus.</span> <span class='ocrx_word' id='word_1_205' title='bbox 2499 2849 2635 2911; x_wconf 85' lang='lat' dir='ltr'>Hoc</span> 
     </span>
     <span class='ocr_line' id='line_1_27' title="bbox 442 2943 2635 3025; baseline -0 -19"><span class='ocrx_word' id='word_1_206' title='bbox 442 2946 578 3006; x_wconf 88' lang='lat' dir='ltr'>loco</span> <span class='ocrx_word' id='word_1_207' title='bbox 603 2945 664 3003; x_wconf 91' lang='lat' dir='ltr'>in</span> <span class='ocrx_word' id='word_1_208' title='bbox 691 2956 946 3004; x_wconf 85' lang='lat' dir='ltr'>mentem</span> <span class='ocrx_word' id='word_1_209' title='bbox 974 2943 1116 3002; x_wconf 88' lang='lat' dir='ltr'>mihi</span> <span class='ocrx_word' id='word_1_210' title='bbox 1142 2944 1306 3004; x_wconf 82' lang='lat' dir='ltr'>venit</span> <span class='ocrx_word' id='word_1_211' title='bbox 1337 2963 1540 3005; x_wconf 82' lang='lat' dir='ltr'>versus</span> <span class='ocrx_word' id='word_1_212' title='bbox 1579 2964 1756 3024; x_wconf 87' lang='lat' dir='ltr'>quem</span> <span class='ocrx_word' id='word_1_213' title='bbox 1787 2946 2052 3025; x_wconf 81' lang='lat' dir='ltr'>Scaliger</span> <span class='ocrx_word' id='word_1_214' title='bbox 2092 2945 2340 3006; x_wconf 84' lang='lat' dir='ltr'>adduxit</span> <span class='ocrx_word' id='word_1_215' title='bbox 2364 2965 2439 3005; x_wconf 88' lang='lat' dir='ltr'>ex</span> <span class='ocrx_word' id='word_1_216' title='bbox 2467 2945 2635 3005; x_wconf 87' lang='lat' dir='ltr'>Euri-</span> 
     </span>
     <span class='ocr_line' id='line_1_28' title="bbox 444 3039 1750 3124; baseline -0.004 -22"><span class='ocrx_word' id='word_1_217' title='bbox 444 3041 600 3124; x_wconf 83' lang='lat' dir='ltr'>pidis</span> <span class='ocrx_word' id='word_1_218' title='bbox 625 3042 859 3111; x_wconf 87' lang='lat' dir='ltr'>Oreste,</span> <span class='ocrx_word' id='word_1_219' title='bbox 886 3039 946 3097; x_wconf 89' lang='lat' dir='ltr'>in</span> <span class='ocrx_word' id='word_1_220' title='bbox 966 3057 1088 3118; x_wconf 90' lang='lat' dir='ltr'>quo</span> <span class='ocrx_word' id='word_1_221' title='bbox 1115 3047 1276 3098; x_wconf 85' lang='lat' dir='ltr'>esset</span> <span class='ocrx_word' id='word_1_222' title='bbox 1302 3041 1750 3117; x_wconf 73' lang='grc' dir='ltr'>ἐπισυναλοιφὴι</span> 
     </span>
     <span class='ocr_line' id='line_1_29' title="bbox 761 3134 2114 3211; baseline -0.001 -17"><span class='ocrx_word' id='word_1_223' title='bbox 761 3136 1105 3210; x_wconf 71' lang='grc' dir='ltr'>Αὐτουργός·</span> <span class='ocrx_word' id='word_1_224' title='bbox 1166 3134 1324 3209; x_wconf 74' lang='grc' dir='ltr'>οἵπερ</span> <span class='ocrx_word' id='word_1_225' title='bbox 1348 3136 1440 3193; x_wconf 78' lang='grc' dir='ltr'>καὶ</span> <span class='ocrx_word' id='word_1_226' title='bbox 1464 3136 1623 3211; x_wconf 83' lang='grc' dir='ltr'>μόνοι</span> <span class='ocrx_word' id='word_1_227' title='bbox 1655 3134 1901 3197; x_wconf 71' lang='grc' dir='ltr'>σώἐουσι</span> <span class='ocrx_word' id='word_1_228' title='bbox 1924 3137 2114 3193; x_wconf 79' lang='grc' dir='ltr'>πόλιν.</span> 
     </span>
     <span class='ocr_line' id='line_1_30' title="bbox 443 3226 2633 3311; baseline -0.002 -16"><span class='ocrx_word' id='word_1_229' title='bbox 443 3232 565 3295; x_wconf 81' lang='lat' dir='ltr'>Sed</span> <span class='ocrx_word' id='word_1_230' title='bbox 593 3251 704 3293; x_wconf 81' lang='lat' dir='ltr'>nos</span> <span class='ocrx_word' id='word_1_231' title='bbox 731 3243 794 3295; x_wconf 83' lang='lat' dir='ltr'>et</span> <span class='ocrx_word' id='word_1_232' title='bbox 817 3231 878 3291; x_wconf 90' lang='lat' dir='ltr'>in</span> <span class='ocrx_word' id='word_1_233' title='bbox 903 3229 1078 3291; x_wconf 86' lang='lat' dir='ltr'>editis</span> <span class='ocrx_word' id='word_1_234' title='bbox 1106 3230 1182 3289; x_wconf 89' lang='lat' dir='ltr'>ab</span> <span class='ocrx_word' id='word_1_235' title='bbox 1210 3227 1369 3290; x_wconf 86' lang='lat' dir='ltr'>Aldo</span> <span class='ocrx_word' id='word_1_236' title='bbox 1397 3226 1682 3309; x_wconf 81' lang='lat' dir='ltr'>exemplis</span> <span class='ocrx_word' id='word_1_237' title='bbox 1709 3238 1770 3289; x_wconf 89' lang='lat' dir='ltr'>et</span> <span class='ocrx_word' id='word_1_238' title='bbox 1806 3228 1867 3291; x_wconf 87' lang='lat' dir='ltr'>in</span> <span class='ocrx_word' id='word_1_239' title='bbox 1896 3228 2287 3311; x_wconf 84' lang='lat' dir='ltr'>explicatione</span> <span class='ocrx_word' id='word_1_240' title='bbox 2314 3230 2633 3311; x_wconf 84' lang='lat' dir='ltr'>reperimus</span> 
     </span>
     <span class='ocr_line' id='line_1_31' title="bbox 445 3322 1959 3407; baseline -0.004 -16"><span class='ocrx_word' id='word_1_241' title='bbox 445 3332 692 3393; x_wconf 75' lang='grc' dir='ltr'>σῶἒουσι</span> <span class='ocrx_word' id='word_1_242' title='bbox 718 3336 849 3407; x_wconf 79' lang='grc' dir='ltr'>γῆν.</span> <span class='ocrx_word' id='word_1_243' title='bbox 932 3328 1068 3387; x_wconf 91' lang='lat' dir='ltr'>Hoc</span> <span class='ocrx_word' id='word_1_244' title='bbox 1093 3324 1272 3405; x_wconf 82' lang='lat' dir='ltr'>igitur</span> <span class='ocrx_word' id='word_1_245' title='bbox 1297 3322 1717 3404; x_wconf 80' lang='lat' dir='ltr'>relinquamus.</span> <span class='ocrx_word' id='word_1_246' title='bbox 1756 3324 1861 3387; x_wconf 87' lang='grc' dir='ltr'>Ἰλ.</span> <span class='ocrx_word' id='word_1_247' title='bbox 1890 3325 1959 3387; x_wconf 80' lang='grc' dir='ltr'>ν’.</span> 
     </span>
     <span class='ocr_line' id='line_1_32' title="bbox 842 3420 1784 3501; baseline -0.006 -17"><span class='ocrx_word' id='word_1_248' title='bbox 842 3426 1142 3501; x_wconf 87' lang='grc' dir='ltr'>Μόρσιμον</span> <span class='ocrx_word' id='word_1_249' title='bbox 1169 3420 1233 3482; x_wconf 72' lang='grc' dir='ltr'>δέ</span> <span class='ocrx_word' id='word_1_250' title='bbox 1261 3422 1315 3481; x_wconf 77' lang='grc' dir='ltr'>οἱ</span> <span class='ocrx_word' id='word_1_251' title='bbox 1343 3424 1454 3482; x_wconf 73' lang='grc' dir='ltr'>ἔστ’</span> <span class='ocrx_word' id='word_1_252' title='bbox 1481 3424 1784 3481; x_wconf 71' lang='grc' dir='ltr'>ἀλέασθαι.</span> 
     </span>
     <span class='ocr_line' id='line_1_33' title="bbox 445 3514 2632 3598; baseline -0.001 -19"><span class='ocrx_word' id='word_1_253' title='bbox 445 3519 560 3579; x_wconf 87' lang='lat' dir='ltr'>Ubi</span> <span class='ocrx_word' id='word_1_254' title='bbox 587 3518 898 3579; x_wconf 77' lang='lat' dir='ltr'>manifesta</span> <span class='ocrx_word' id='word_1_255' title='bbox 923 3528 1018 3581; x_wconf 82' lang='lat' dir='ltr'>est</span> <span class='ocrx_word' id='word_1_256' title='bbox 1041 3522 1318 3595; x_wconf 75' lang='grc' dir='ltr'>συγκοπὴ,</span> <span class='ocrx_word' id='word_1_257' title='bbox 1356 3525 1418 3577; x_wconf 84' lang='lat' dir='ltr'>et</span> <span class='ocrx_word' id='word_1_258' title='bbox 1442 3514 1594 3577; x_wconf 86' lang='lat' dir='ltr'>illud</span> <span class='ocrx_word' id='word_1_259' title='bbox 1622 3518 1898 3597; x_wconf 82' lang='grc' dir='ltr'>μόρσιμον</span> <span class='ocrx_word' id='word_1_260' title='bbox 1925 3515 2095 3597; x_wconf 77' lang='lat' dir='ltr'>quasi</span> <span class='ocrx_word' id='word_1_261' title='bbox 2120 3518 2396 3598; x_wconf 80' lang='grc' dir='ltr'>μόρσμον.</span> <span class='ocrx_word' id='word_1_262' title='bbox 2462 3516 2632 3577; x_wconf 82' lang='lat' dir='ltr'>Sicut</span> 
     </span>
     <span class='ocr_line' id='line_1_34' title="bbox 446 3615 993 3686; baseline -0.004 -11"><span class='ocrx_word' id='word_1_263' title='bbox 446 3616 592 3677; x_wconf 85' lang='lat' dir='ltr'>etin</span> <span class='ocrx_word' id='word_1_264' title='bbox 618 3615 757 3686; x_wconf 83' lang='lat' dir='ltr'>hoc,</span> <span class='ocrx_word' id='word_1_265' title='bbox 779 3616 884 3675; x_wconf 84' lang='grc' dir='ltr'>Ίλ.</span> <span class='ocrx_word' id='word_1_266' title='bbox 915 3615 993 3674; x_wconf 83' lang='grc' dir='ltr'>ω’.</span> 
     </span>
     <span class='ocr_line' id='line_1_35' title="bbox 843 3709 1843 3791; baseline -0.001 -22"><span class='ocrx_word' id='word_1_267' title='bbox 843 3710 1030 3771; x_wconf 68' lang='lat' dir='ltr'>’Etr-os</span> <span class='ocrx_word' id='word_1_268' title='bbox 1055 3712 1162 3786; x_wconf 78' lang='grc' dir='ltr'>μὲν</span> <span class='ocrx_word' id='word_1_269' title='bbox 1187 3709 1256 3781; x_wconf 77' lang='grc' dir='ltr'>δὴ</span> <span class='ocrx_word' id='word_1_270' title='bbox 1282 3714 1468 3784; x_wconf 73' lang='grc' dir='ltr'>λέξον,</span> <span class='ocrx_word' id='word_1_271' title='bbox 1497 3711 1664 3787; x_wconf 70' lang='grc' dir='ltr'>γέρον</span> <span class='ocrx_word' id='word_1_272' title='bbox 1692 3714 1843 3791; x_wconf 68' lang='grc' dir='ltr'>φίλε.</span> 
     </span>
     <span class='ocr_line' id='line_1_36' title="bbox 445 3801 2231 3884; baseline -0.001 -15"><span class='ocrx_word' id='word_1_273' title='bbox 445 3806 558 3869; x_wconf 70' lang='lat' dir='ltr'>Est</span> <span class='ocrx_word' id='word_1_274' title='bbox 583 3803 740 3867; x_wconf 84' lang='lat' dir='ltr'>enim</span> <span class='ocrx_word' id='word_1_275' title='bbox 766 3803 1105 3884; x_wconf 75' lang='lat' dir='ltr'>plane,ypor</span> <span class='ocrx_word' id='word_1_276' title='bbox 1129 3810 1282 3884; x_wconf 75' lang='grc' dir='ltr'>φίλε.</span> <span class='ocrx_word' id='word_1_277' title='bbox 1367 3804 1880 3875; x_wconf 81' lang='lat' dir='ltr'>Quemadmodum</span> <span class='ocrx_word' id='word_1_278' title='bbox 1908 3813 1970 3865; x_wconf 81' lang='lat' dir='ltr'>et</span> <span class='ocrx_word' id='word_1_279' title='bbox 1998 3801 2124 3865; x_wconf 83' lang='grc' dir='ltr'>Ὀὅ.</span> <span class='ocrx_word' id='word_1_280' title='bbox 2153 3807 2231 3879; x_wconf 80' lang='grc' dir='ltr'>η’.</span> 
     </span>
     <span class='ocr_line' id='line_1_37' title="bbox 842 3896 1933 3979; baseline 0 -18"><span class='ocrx_word' id='word_1_281' title='bbox 842 3898 996 3971; x_wconf 79' lang='grc' dir='ltr'>Μὴδ’</span> <span class='ocrx_word' id='word_1_282' title='bbox 1021 3896 1160 3959; x_wconf 73' lang='grc' dir='ltr'>οὕτω</span> <span class='ocrx_word' id='word_1_283' title='bbox 1187 3903 1356 3979; x_wconf 77' lang='grc' dir='ltr'>φίλον</span> <span class='ocrx_word' id='word_1_284' title='bbox 1379 3899 1474 3962; x_wconf 75' lang='grc' dir='ltr'>Διῒ</span> <span class='ocrx_word' id='word_1_285' title='bbox 1499 3903 1664 3977; x_wconf 78' lang='grc' dir='ltr'>πατρὶ</span> <span class='ocrx_word' id='word_1_286' title='bbox 1691 3906 1933 3976; x_wconf 66' lang='grc' dir='ltr'>γένοιτο.</span> 
     </span>
     <span class='ocr_line' id='line_1_38' title="bbox 447 3992 1969 4078; baseline -0.003 -19"><span class='ocrx_word' id='word_1_287' title='bbox 447 3996 564 4059; x_wconf 88' lang='lat' dir='ltr'>Ubi</span> <span class='ocrx_word' id='word_1_288' title='bbox 587 4000 758 4078; x_wconf 78' lang='grc' dir='ltr'>φίλον</span> <span class='ocrx_word' id='word_1_289' title='bbox 782 4003 878 4055; x_wconf 79' lang='lat' dir='ltr'>est</span> <span class='ocrx_word' id='word_1_290' title='bbox 901 3995 1069 4073; x_wconf 88' lang='lat' dir='ltr'>quasi</span> <span class='ocrx_word' id='word_1_291' title='bbox 1095 3998 1260 4073; x_wconf 82' lang='grc' dir='ltr'>φλον.</span> <span class='ocrx_word' id='word_1_292' title='bbox 1340 3995 1476 4057; x_wconf 79' lang='lat' dir='ltr'>Jam</span> <span class='ocrx_word' id='word_1_293' title='bbox 1503 3994 1568 4058; x_wconf 86' lang='lat' dir='ltr'>in</span> <span class='ocrx_word' id='word_1_294' title='bbox 1592 3994 1729 4071; x_wconf 85' lang='lat' dir='ltr'>hoc,</span> <span class='ocrx_word' id='word_1_295' title='bbox 1757 3996 1863 4055; x_wconf 87' lang='grc' dir='ltr'>Ἰλ.</span> <span class='ocrx_word' id='word_1_296' title='bbox 1888 3992 1969 4069; x_wconf 86' lang='grc' dir='ltr'>β’.</span> 
     </span>
     <span class='ocr_line' id='line_1_39' title="bbox 844 4088 1410 4169; baseline 0.011 -18"><span class='ocrx_word' id='word_1_297' title='bbox 844 4088 1046 4169; x_wconf 55' lang='grc' dir='ltr'>Βωμῧ</span> <span class='ocrx_word' id='word_1_298' title='bbox 1073 4088 1124 4153; x_wconf 60' lang='grc' dir='ltr'>δ’</span> <span class='ocrx_word' id='word_1_299' title='bbox 1157 4090 1410 4165; x_wconf 55' lang='grc' dir='ltr'>ὑπαΐξαδο</span> 
     </span>
     <span class='ocr_line' id='line_1_40' title="bbox 449 4196 898 4268; baseline -0.009 -17"><span class='ocrx_word' id='word_1_300' title='bbox 449 4196 759 4268; x_wconf 75' lang='grc' dir='ltr'>σνναίρισιι</span> <span class='ocrx_word' id='word_1_301' title='bbox 786 4197 898 4249; x_wconf 84' lang='lat' dir='ltr'>est.</span> 
     </span>
    </p>
   </div>
   <div class='ocr_carea' id='block_1_3' title="bbox 3210 2526 3234 4650">
    <p class='ocr_par' dir='ltr' id='par_1_3' title="bbox 3210 2526 3234 4650">
     <span class='ocr_line' id='line_1_41' title="bbox 3210 2526 3234 4650; baseline 0 0"><span class='ocrx_word' id='word_1_302' title='bbox 3210 2526 3234 4650; x_wconf 95' lang='lat' dir='ltr'> </span> 
     </span>
    </p>
   </div>
   <div class='ocr_carea' id='block_1_4' title="bbox 3231 4006 3233 4697">
    <p class='ocr_par' dir='ltr' id='par_1_4' title="bbox 3231 4006 3233 4697">
     <span class='ocr_line' id='line_1_42' title="bbox 3231 4006 3233 4697; baseline 0 0"><span class='ocrx_word' id='word_1_303' title='bbox 3231 4006 3233 4697; x_wconf 95' lang='lat' dir='ltr'> </span> 
     </span>
    </p>
   </div>
  </div>
 </body>
</html>
