3234 4934
597 384 728 453 218
1333 396 1797 448 rnauciscus
1844 399 2053 447 nans

599 542 944 611 adhibitum,
975 541 1034 599 in
1057 540 1350 601 continuis
1371 550 1566 599 autem
1589 539 1845 617 negotiis
1864 540 2117 601 diversa.
2162 540 2273 603 Est
2292 539 2529 621 quidem
2546 544 2647 603 ubi
2668 564 2777 605 nu-

597 638 738 698 meri
763 638 935 697 rebus
954 636 1096 699 mire
1118 634 1513 703 conveniunt;
1556 654 1797 696 causam
1815 648 2011 699 tamen
2046 646 2229 699 tantae
2248 638 2545 697 varietatis
2572 639 2783 717 opinor

596 736 754 793 hanc
783 732 1018 792 unicam
1047 730 1250 801 fuisse,
1297 740 1362 789 ut
1389 749 1460 789 eo
1490 730 1677 807 magis
1700 732 1877 810 poeta
1905 734 2302 811 spectatorum
2320 734 2544 791 animos
2576 736 2779 795 refice-

597 838 688 890 ret
715 839 776 889 et
803 828 1044 889 toedium
1073 826 1328 895 levaret;
1372 847 1504 886 cum
1535 826 1681 905 ipsae
1706 826 1879 889 etiam
1912 827 2191 889 orationis
2215 829 2453 889 virtutes
2481 828 2782 891 fastidium

599 925 852 1006 pariant,
883 922 995 981 nisi
1023 922 1214 1001 gratia
1239 922 1536 981 varietatis
1565 921 1806 999 adjutae.
1876 922 2157 983 Gaudent
2183 922 2337 983 enim
2367 943 2571 985 omnes
2599 924 2785 985 varie·

597 1030 742 1092 tate,
790 1028 872 1091 et,
917 1020 1072 1079 sicut
1110 1016 1265 1077 oculi
1295 1016 1656 1076 diversarum
1694 1028 1940 1097 aspectu
1970 1036 2159 1078 rerum
2188 1018 2376 1099 magis
2427 1018 2782 1095 detinentur,

601 1118 684 1177 ita
733 1136 903 1177 aures
951 1115 1170 1175 crebris
1213 1132 1584 1175 numerorum
1642 1124 1819 1192 atque
1868 1112 2017 1173 adeo
2046 1134 2319 1173 versuum
2363 1118 2783 1179 mutationibus

603 1210 988 1273 oblectantur.
1098 1210 1276 1279 Quod
1325 1230 1459 1269 cum
1506 1209 1691 1288 ipsius
1741 1210 2092 1277 Quintiliani
2129 1210 2416 1289 judicium
2464 1212 2561 1285 sit,
2612 1214 2785 1273 miror

601 1307 857 1367 voluisse
907 1305 1378 1384 elegantissimas
1427 1304 1685 1364 Terentii
1728 1304 1985 1365 Fabulas
2030 1306 2171 1365 solis
2212 1308 2487 1367 trimetris
2520 1310 2787 1389 astringi,

599 1422 734 1463 cum
764 1412 824 1461 et
855 1402 970 1460 alia
994 1420 1210 1478 genera
1237 1400 1356 1459 sint
1375 1402 1809 1473 venustissima,
1838 1411 1899 1460 et
1922 1402 2047 1461 sine
2076 1402 2190 1462 illis
2222 1402 2553 1481 gratissima
2581 1425 2785 1466 nume-

602 1518 796 1558 rorum
845 1498 1096 1557 varietas
1145 1498 1335 1557 omnis
1392 1496 1512 1556 fere
1549 1497 1839 1575 periisset.
1923 1497 2079 1556 Hinc
2124 1498 2415 1577 estquod
2466 1500 2526 1558 in
2573 1500 2789 1574 scenis,

600 1614 735 1673 quae
765 1592 1216 1652 ex.tetrametris
1246 1592 1389 1651 solis
1417 1602 1717 1663 constant,
1748 1592 1965 1670 saepius
1996 1592 2071 1651 de
2110 1592 2224 1652 alio
2268 1612 2483 1672 genere
2518 1596 2595 1654 ad
2625 1596 2796 1656 aliud

600 1689 915 1756 transitur:
959 1688 1068 1749 sed
1097 1688 1212 1748 hoc
1238 1697 1406 1747 tanto
1428 1688 1568 1747 fecit
1583 1687 1812 1766 judicio
1846 1688 2175 1761 Terentius,
2202 1699 2269 1748 ut
2291 1691 2349 1748 in
2380 1690 2521 1769 ipsis
2552 1710 2787 1771 quoque

603 1783 1035 1845 narrationibus
1065 1783 1141 1844 ad
1185 1784 1361 1843 aliam
1399 1802 1519 1843 rem
1557 1784 1841 1843 transitus
1868 1783 2044 1843 simul
2070 1786 2194 1845 fiat.
2270 1784 2410 1846 vid.
2436 1786 2585 1848 Eun.
2618 1808 2697 1847 11.
2726 1792 2787 1848 2.

602 1884 702 1940 24.
732 1892 792 1941 et
823 1900 935 1940 111.
967 1883 1024 1939 5.
1055 1884 1154 1940 44.
1242 1880 1310 1938 In
1339 1880 1451 1939 hac
1483 1879 1736 1958 denique
1765 1899 2034 1939 versuum
2060 1882 2341 1941 varietate
2372 1880 2559 1941 Latini
2600 1882 2790 1943 secuti

602 1988 744 2036 sunt
785 1975 1050 2047 Groecos,
1081 1975 1278 2038 Graeci
1325 1994 1460 2035 vero
1507 1986 1799 2047 naturam,
1840 1976 1935 2036 cui
1978 1995 2207 2057 semper
2234 1988 2406 2056 grata
2432 1988 2525 2039 est
2565 1978 2788 2039 vicissi-

603 2072 771 2133 tudo-

685 2168 861 2236 Quod
909 2168 990 2227 ad
1033 2168 1276 2228 alteram
1305 2169 1715 2247 quaestionem,
1758 2186 1862 2227 cur
1891 2168 2251 2231 diversorum
2274 2191 2556 2250 generum
2588 2192 2790 2233 versus

604 2266 906 2324 Terentius
925 2264 1187 2336 misceat,
1219 2277 1278 2325 et
1297 2284 1454 2323 nunc
1475 2264 1796 2321 trimetrum
1819 2266 2188 2338 tetrametris,
2210 2285 2367 2326 nunc
2389 2275 2790 2327 tetrametrum

606 2360 882 2420 trimetris
912 2362 1152 2430 inserat,
1181 2378 1340 2417 nunc
1389 2359 1446 2415 in
1495 2357 1746 2415 diversis
1775 2368 2241 2419 tetrametrorum
2279 2364 2593 2440 generibus
2636 2364 2792 2423 idem

604 2455 821 2522 faciat;
865 2454 980 2513 hoc
1007 2474 1243 2532 quoque
1290 2453 1509 2511 factum
1549 2453 1792 2513 arbitror
1821 2452 1897 2511 ob
1926 2453 2163 2515 easdem
2190 2457 2312 2516 fere
2340 2476 2573 2530 causas,
2622 2470 2684 2519 et
2724 2444 2807 2519 ut·

606 2550 669 2609 in
735 2549 1141 2628 prolixioribus
1211 2548 1405 2607 scenis
1461 2547 1788 2607 dormitans
1843 2547 2029 2608 lector
2082 2551 2160 2611 ad
2230 2572 2397 2613 aures
2454 2555 2792 2635 arrigendas

610 2646 930 2712 excitetur3
972 2645 1080 2706 sed
1132 2664 1361 2724 semper
1402 2643 1727 2704 commodis
1774 2644 1833 2703 in
1862 2644 2031 2718 locis,
2078 2658 2138 2707 et
2162 2649 2263 2708 ubi
2307 2669 2400 2709 res
2438 2650 2568 2729 ipsa
2606 2662 2798 2710 muta-

604 2742 796 2801 tiones
845 2740 1136 2821 eJusmodi
1180 2742 1271 2800 vel
1299 2740 1550 2801 suadere
1593 2741 1687 2801 vel
1717 2741 1839 2821 pati
1884 2740 2093 2803 saltem
2122 2744 2411 2806 videatur.
2492 2747 2630 2806 Duo
2656 2767 2795 2807 vero

608 2858 846 2916 genera,
873 2837 1034 2917 quod
1071 2848 1249 2899 antea
1287 2840 1506 2911 monui,
1535 2848 1655 2898 tam
1704 2856 1905 2916 parurn
1938 2840 2087 2898 inter
2134 2860 2197 2899 se
2227 2839 2473 2915 distant,
2498 2853 2568 2901 ut
2595 2862 2793 2902 eorum

605 2933 853 2991 mistura
905 2932 1113 2991 merito
1169 2930 1335 2991 nulla
1387 2934 1614 2993 censeri
1674 2931 1909 3005 debeat,
1956 2934 2325 2995 trochaicum
2376 2938 2511 2996 dico
2555 2947 2602 2998 t.
2629 2960 2682 2999 c.
2736 2950 2797 2999 et

606 3026 943 3086 iambicum.
995 3036 1042 3087 t.
1099 3036 1255 3087 acat.
1311 3047 1446 3087 cum
1509 3028 1639 3087 sola
1678 3028 1829 3088 inter
1886 3048 2087 3091 versus
2144 3052 2247 3091 eos
2316 3032 2646 3094 differentia
2699 3036 2797 3107 sit,

608 3122 770 3201 quod
828 3122 1078 3183 alterurn
1135 3123 1210 3183 ab
1255 3122 1421 3183 initio
1478 3122 1627 3183 alter
1680 3143 1801 3183 una
1849 3125 2080 3203 syllaba
2134 3126 2229 3185 vel
2270 3128 2569 3207 semipede
2626 3150 2798 3191 exce-

610 3218 734 3279 dat.
819 3218 1014 3295 Atque
1043 3218 1172 3277 haec
1209 3216 1284 3277 de
1315 3216 1631 3277 trochaicis
1677 3229 1738 3277 et
1782 3218 2049 3280 iambicis
2094 3222 2406 3299 generibus
2453 3225 2612 3285 dicta
2660 3228 2797 3289 sint.

613 3312 768 3371 Sunt
785 3330 924 3373 vero
944 3312 1004 3371 in
1021 3312 1314 3371 veteribus
1340 3312 1617 3387 Cornicis,
1636 3325 1849 3392 praeter
1864 3315 2015 3389 hoec,
2036 3320 2303 3398 exempla
2325 3320 2595 3397 quaedam
2621 3341 2799 3400 gene

613 3406 692 3467 ris
721 3407 898 3467 etiam
927 3407 1200 3487 poeonici,
1228 3427 1432 3469 versus
1481 3409 1711 3468 scilicet
1738 3410 2039 3471 bacchiaci
2081 3422 2142 3473 et
2167 3413 2403 3483 cretici·
2444 3436 2596 3493 quos
2638 3418 2797 3497 apud

615 3503 894 3563 Plautum
923 3520 1140 3582 magno
1169 3523 1411 3563 numero
1457 3514 1520 3565 et
1557 3505 1616 3563 in
1658 3508 1815 3567 omni
1861 3508 1977 3567 fere
2011 3508 2292 3569 Fabula
2276 3512 2560 3586 invenias,
2606 3514 2799 3577 sedin

615 3600 890 3659 Terentio
939 3610 1059 3659 tam
1099 3600 1274 3678 pauci
1313 3608 1472 3673 sunt,
1521 3609 1590 3659 ut
1638 3620 1713 3661 ne
1760 3602 1861 3660 uni
1909 3602 2149 3681 quidem
2196 3606 2429 3685 paginae
2484 3608 2801 3687 implendae

617 3695 956 3757 sufficiant:
1001 3696 1076 3755 de
1103 3697 1318 3775 quibus
1348 3695 1428 3755 ad
1473 3696 1606 3757 loca
1654 3716 1765 3759 sua
1792 3698 1936 3761 satis
1964 3699 2107 3773 dixi,
2146 3712 2215 3762 ut
2257 3703 2329 3763 iis
2370 3703 2467 3763 hic
2512 3704 2802 3769 immorari

612 3792 789 3873 plane
817 3811 1316 3871 supervacaneum
1347 3792 1442 3853 sit.

699 3889 892 3966 Pergo
919 3887 1095 3968 igitur
1133 3890 1208 3949 ad
1251 3890 1494 3951 alteram
1538 3890 1714 3970 hujus
1760 3892 2013 3951 instituti
2051 3907 2299 3972 partem,
2326 3914 2574 3975 eamque
2622 3898 2800 3980 longe

618 3984 1042 4058 difficillimam,
1093 3984 1170 4045 de
1219 3985 1468 4048 licentiis
1507 3986 1725 4058 dicere,
1768 3988 1983 4067 quibus
2013 4000 2239 4051 veteres
2270 3992 2497 4053 Comici
2524 3996 2617 4055 usi
2644 4010 2803 4069 sunt,

619 4099 936 4161 earumque
961 4081 1174 4141 modos
1217 4092 1280 4143 et
1333 4082 1588 4142 rationes
1636 4102 1949 4163 exponere.
2034 4086 2103 4147 In
2147 4087 2361 4165 quibus
2406 4090 2802 4169 intelligendis

618 4195 754 4239 cum
782 4176 1036 4239 viderem
1081 4196 1176 4239 me
1221 4196 1428 4257 parum
1473 4177 1739 4257 adjutum
1766 4199 1803 4241 a
1830 4182 1911 4241 rei
1938 4183 2195 4245 metricae
2227 4184 2627 4265 scriptoribus,
2654 4208 2803 4267 quo-
