3234 4934
647 438 759 487 so.
809 432 1138 485 asuerus
1187 434 1284 484 na
1333 432 1671 485 numus
1720 434 1959 485 uarat
2008 434 2339 485 ranam.
2476 420 2604 489 195

685 728 816 793 DE
858 725 1299 795 RATIONE
1343 724 1655 793 METRI
1697 726 2321 795 TERENTIAM

1173 861 1310 930 JO.
1373 860 1821 928 LENGIUS.
1890 872 1897 877 ·

404 1050 504 1111 Da
530 1054 728 1112 metris
756 1052 1123 1113 Terentianie
1150 1060 1219 1111 ut
1245 1052 1432 1112 multa
1459 1049 1676 1124 dicam,
1726 1070 1918 1131 neque
1948 1052 2201 1114 instituti
2231 1057 2416 1117 nostri
2462 1060 2592 1119 bre-

398 1144 550 1207 vitas
571 1149 819 1227 patitur3
865 1160 926 1209 et
967 1147 1218 1227 plurimi,
1259 1147 1361 1227 qui
1389 1146 1464 1205 de
1492 1146 1606 1207 hac
1634 1166 1696 1205 re
1724 1146 2104 1226 scripserunt,
2134 1149 2240 1209 viri
2269 1151 2591 1214 doctissimi

399 1260 899 1319 supervacaneum
924 1242 1048 1301 fere
1074 1242 1358 1303 fecerunt.
1443 1239 1561 1301 Sed
1591 1241 1871 1321 quoniam
1898 1243 1957 1301 in
1981 1245 2156 1303 variis
2188 1245 2362 1325 hujus
2386 1261 2591 1309 aucto-

398 1336 478 1395 ris
504 1336 860 1399 lectionibus
890 1337 1289 1416 dijudicandis
1317 1337 1486 1397 metri
1514 1337 1664 1396 ratio
1690 1336 1850 1398 haud
1893 1356 2100 1416 parum
2134 1339 2326 1418 juvat,
2369 1344 2591 1405 idcirco

395 1450 589 1511 pauca
616 1432 915 1515 quaedam,
940 1453 1076 1512 quoe
1102 1433 1220 1493 huc
1248 1440 1539 1511 spectant,
1569 1432 1982 1511 praemittenda
2011 1434 2309 1497 duximus.

478 1526 704 1588 Versus
753 1528 952 1609 igitur,
994 1528 1208 1606 quibus
1235 1528 1419 1587 utitur
1443 1527 1773 1599 TerentiuS,
1822 1539 1961 1589 sunt
1992 1530 2340 1610 plerumque
2368 1536 2463 1593 vel
2488 1538 2591 1595 tri-

397 1622 569 1683 metri
609 1623 734 1682 sive
779 1624 1011 1697 senarii,
1056 1623 1150 1683 vel
1190 1621 1510 1683 tetrametri
1541 1642 1645 1683 seu
1674 1625 2001 1684 octonarii:
2046 1625 2309 1687 dimetris
2353 1631 2591 1709 quidem·

399 1737 842 1798 nonnunquam,
883 1718 990 1781 sed
1015 1719 1235 1792 rarius,
1251 1719 1432 1779 utitur
1447 1738 1468 1789 3
1509 1720 1893 1783 monomettis
1920 1721 2235 1783 rarissime.

1201 1898 1312 1958 DE
1367 1897 1765 1960 SENARIIS.

479 2005 702 2068 Notum
749 2018 844 2069 est
889 2007 1166 2071 Senarios
1208 2008 1347 2073 olim
1393 2008 1687 2088 perfectos
1716 2027 1823 2071 sex
1850 2008 2104 2089 pedibus
2136 2011 2341 2073 iambis
2373 2014 2591 2073 consti-

395 2102 575 2165 tisse:
619 2103 813 2182 qualis
841 2113 969 2165 est:

637 2215 976 2279 Amantium
1001 2217 1104 2278 irae
1132 2216 1348 2277 amoris
1372 2217 1685 2295 integratio
1712 2226 1823 2276 est.

396 2326 516 2387 Sed
541 2337 756 2409 praeter
781 2328 941 2391 hunc
967 2349 1198 2391 versum
1229 2330 1435 2390 nullibi
1478 2349 1571 2389 me
1618 2350 1827 2411 purum
1869 2332 2177 2391 iambicum
2228 2332 2387 2411 apud
2428 2333 2591 2395 hunc

394 2434 692 2485 auctorem
741 2424 1202 2505 deprehendisse
1253 2426 1490 2487 memini
1516 2446 1533 2487 ε
1594 2426 1757 2506 quod
1808 2428 1985 2486 etiam
2034 2427 2178 2487 facit
2220 2437 2287 2486 ut
2329 2427 2590 2501 credam,

391 2520 758 2598 proverbiale
785 2518 899 2581 hoc
925 2521 1108 2581 fuisse
1138 2521 1386 2594 dictum,
1433 2524 1510 2581 ab
1557 2522 1887 2600 antiquiore
1924 2523 2125 2602 aliquo
2152 2526 2329 2602 poeta
2355 2534 2591 2583 mutua.-

394 2624 542 2675 tum.
623 2616 856 2677 Deinde
887 2627 1082 2677 autem
1109 2628 1412 2697 receptum
1439 2627 1552 2690 est,
1599 2627 1670 2677 ut
1712 2628 1927 2699 proeter
1968 2618 2179 2698 pedem
2206 2619 2461 2679 iambum
2490 2619 2594 2679 tri,-

391 2710 652 2791 brachyn
680 2713 806 2791 (qui
825 2712 893 2771 fit
920 2721 983 2773 et
1008 2712 1364 2773 resolutione
1391 2711 1596 2788 iambi)
1622 2712 1797 2772 etiam
1828 2713 2234 2792 spondoeus’et
2252 2733 2461 2775 omnes
2486 2734 2591 2793 pe-

393 2804 501 2867 des
518 2807 619 2886 qui
641 2818 782 2869 sunt
803 2807 1068 2888 ejusdem
1087 2828 1220 2869 cum
1243 2809 1532 2888 spondaeo
1549 2808 1831 2887 temporis
1853 2814 2089 2889 (praeter
2105 2806 2593 2888 amphibrachyn)

392 2902 452 2960 in
483 2900 724 2963 sedibus
751 2903 1090 2983 imparibus,
1131 2922 1344 2983 nempe
1373 2906 1579 2984 prima,
1626 2904 1819 2975 tertia,
1862 2904 2071 2983 quinta
2098 2902 2587 2971 admitterentur-3

392 2996 560 3058 locos
587 3017 782 3077 pares,
828 3000 868 3059 i.
898 3020 954 3059 e.
1000 3000 1347 3072 secundum,
1390 3009 1689 3080 quartum,
1741 3008 1971 3061 sextum
2000 3008 2331 3076 occupante
2359 2998 2592 3060 interim

395 3093 526 3153 solo
567 3096 784 3155 iambo.
869 3093 1228 3174 Hujusmodi
1275 3115 1483 3156 versus
1511 3096 1673 3176 apud
1701 3095 1948 3153 Groecos
1977 3102 2099 3152 tam
2126 3093 2385 3152 comicos
2416 3110 2593 3172 quam

393 3188 654 3270 tragicos
682 3190 1074 3262 usitatissimi,
1104 3189 1264 3269 apud
1293 3200 1558 3253 nostrum
1589 3199 1893 3249 auctorem
1921 3188 2237 3261 interdum,
2261 3187 2367 3247 sed
2398 3188 2591 3248 minus

391 3284 746 3366 frequenter,
778 3295 1107 3368 apparent:
1149 3295 1216 3346 ut
1237 3305 1256 3355 ε,
1291 3302 1298 3307 ·

633 3398 872 3461 Accede
898 3398 977 3459 ad
1003 3400 1200 3479 ignem
1226 3399 1406 3473 hunc,
1436 3398 1564 3477 jam
1589 3397 1853 3459 calesces
1883 3396 2017 3477 plus
2048 3399 2217 3457 satis.

393 3498 702 3572 Postremo
728 3511 928 3591 igitur,
967 3519 1036 3572 ut
1061 3521 1309 3572 metrum
1337 3510 1628 3571 comicum
1657 3508 1734 3568 ad
1766 3528 2093 3569 sermonem
2124 3508 2423 3587 vulgarem
2454 3527 2591 3587 pro-

393 3606 528 3685 pius
557 3606 885 3679 accederet,
926 3605 1002 3667 de
1037 3606 1180 3668 sede
1225 3618 1392 3668 sexta
1419 3596 1802 3667 tantum'sive
1830 3596 2040 3664 ultima
2069 3604 2283 3663 soliciti
2312 3622 2445 3664 esse
2474 3623 2593 3662 coe-

393 3710 627 3781 perunt,
681 3712 748 3761 ut
795 3702 983 3780 ipsam
1031 3722 1266 3784 semper
1304 3705 1536 3763 iambus
1587 3712 1945 3781 occuparetg
2005 3702 2065 3760 in
2114 3700 2323 3761 ceteris
2374 3710 2592 3771 autern,

395 3796 718 3859 dummodo
745 3796 1070 3857 trochaeum
1113 3798 1515 3869 excluderent,
1558 3798 1701 3856 satis
1744 3797 2098 3868 habueruut,
2142 3794 2192 3853 si
2239 3794 2333 3855 vel
2382 3794 2592 3857 tribra-

395 3894 574 3973 chyn,
614 3894 710 3954 vel
739 3891 1112 3973 spondoeum‚
1137 3893 1233 3953 vel
1261 3892 1548 3971 spondaeo
1570 3891 1795 3969 (quoad
1825 3892 2117 3970 tempora)
2153 3909 2353 3971 parem
2381 3887 2588 3965 dacty-

394 3993 536 4063 lum,
579 3998 971 4071 anapoestum,
1016 3988 1602 4069 proceleusmaticum
1651 4006 1756 4067 pro
1808 3986 1973 4046 libitu
2020 3990 2392 4065 usurparent.
2476 3983 2593 4042 Per

395 4085 717 4147 trochaeum
747 4095 963 4157 autem,
987 4104 1160 4164 quem
1183 4103 1485 4163 nunquam
1512 4081 1770 4143 admittit
1792 4101 2026 4143 carmen
2052 4080 2389 4149 iambicum,
2413 4076 2589 4137 istum

401 4200 628 4262 semper
673 4182 938 4263 intelligo
987 4180 1222 4261 pedem,
1269 4180 1435 4261 cujus
1466 4180 1707 4258 primam
1738 4178 2026 4259 syllabam
2057 4176 2297 4259 longam
2330 4174 2593 4254 sequitur
