3234 4934
935 426 1031 472 nn
1078 424 1381 473 comicis
1431 422 2057 493 niusnsmmsus.
2459 406 2592 472 159

405 566 609 625 Bembi
652 563 895 625 codice:
939 573 955 599 ‘
980 566 1111 627 Nec
1152 566 1294 626 mihi
1342 566 1433 625 fas
1478 586 1609 643 esse
1658 565 1785 625 ulla
1827 584 1921 625 me
1965 565 2267 645 voluptate
2315 564 2406 623 his
2441 564 2598 623 frui!

405 662 759 739 Quanquam
786 659 975 739 codex
1024 660 1147 733 ille,
1188 659 1263 720 de
1307 681 1428 739 quo
1455 661 1541 721 vir
1568 661 1949 721 doctissimus
1979 672 2156 739 atque
2185 660 2596 720 sanctissimus

404 757 643 817 metitur
668 770 925 828 nostros,
964 755 1098 835 plus
1136 756 1346 815 habuit
1373 765 1499 815 tum
1529 755 1691 834 apud
1719 775 1829 816 nos
1858 755 2267 827 venerationis,
2297 756 2372 814 ob
2399 766 2600 837 vetus-5

406 863 607 926 tatem,
658 864 783 913 tum
812 850 973 930 apud
1013 851 1187 911 illum
1210 850 1501 930 opinionis
1531 852 1606 910 ob
1637 851 1978 923 novitatem,
2020 870 2196 930 quam
2226 860 2509 928 quantum
2535 868 2600 909 re

410 948 539 1026 ipsa
584 948 865 1027 praestare
894 946 1161 1006 valuerit·
1246 945 1471 1005 Omitto
1512 946 1668 1005 enim
1713 965 1848 1024 quoe
1892 944 1970 1004 ad
2013 945 2364 1024 privatarum
2392 962 2601 1003 vocum

408 1047 698 1125 pertinent
725 1043 1043 1105 rationem:
1074 1063 1211 1103 nam
1242 1062 1343 1103 eas
1373 1042 1431 1101 in
1462 1042 1774 1121 Originum
1803 1042 1966 1101 libris
1986 1042 2089 1101 tibi
2113 1042 2256 1101 satis
2273 1040 2599 1121 explicatas

408 1151 571 1224 puto.
654 1142 756 1213 At,
802 1140 961 1219 quod
1008 1139 1085 1198 ad
1117 1158 1385 1199 versuum
1414 1137 1674 1217 ipsorum
1701 1146 1926 1195 tractus
1956 1146 2207 1214 spectat,
2250 1155 2443 1215 operae
2471 1156 2603 1213 pre-

408 1237 553 1297 tium
581 1248 677 1297 est
714 1234 1179 1296 animadvertere
1205 1234 1447 1305 multos,
1488 1233 1612 1311 qui'
1637 1252 1758 1292 non
1788 1243 2103 1293 constent:
2145 1233 2326 1292 veluti
2354 1252 2386 1291 e
2415 1230 2604 1290 Phor-

409 1333 602 1393 mione
630 1332 830 1391 hunc:
873 1338 889 1365 ‘
915 1332 1067 1399 Quoe
1095 1330 1143 1389 si
1176 1341 1309 1388 astu
1340 1348 1457 1387 non
1502 1328 1909 1408 providentur,
1958 1348 2053 1387 me
2095 1339 2198 1387 aut
2234 1329 2438 1388 herum
2467 1346 2604 1405 pes·-

412 1428 809 1488 sumdabunt.'
890 1427 983 1485 Ita
1010 1424 1145 1484 dico
1173 1422 1333 1509 apud
1362 1424 1541 1483 hosce
1570 1423 1671 1501 qui
1707 1424 1988 1483 creticum
2017 1422 2308 1501 recipiunt
2333 1423 2560 1482 nullum
2585 1440 2602 1480 z

412 1526 473 1584 in
498 1522 865 1585 nostratibus
894 1530 1093 1581 autem
1116 1519 1353 1580 mollius
1382 1519 1597 1599 legitur
1627 1518 1712 1578 sic
1737 1537 1754 1577 z
1803 1520 1953 1589 Quoe
1983 1522 2038 1578 εἰ
2066 1538 2186 1578 non
2229 1525 2365 1579 astu
2401 1522 2608 1597 prom·-

417 1620 655 1681 dentur.
741 1618 856 1677 Ubi
904 1616 1239 1678 octonarius
1290 1626 1401 1676 est.
1484 1616 1634 1675 Item
1684 1634 1758 1674 ex
1807 1614 2474 1675 Heautontimorumeno
2521 1616 2608 1677 sic

416 1717 591 1795 leg-it:
624 1723 641 1751 ‘
666 1714 901 1794 Pergin'
927 1713 1137 1773 mulier
1164 1712 1373 1773 odiosa
1401 1710 1575 1772 esse?
1604 1711 1906 1771 nullamne
1933 1730 2046 1789 ego
2065 1729 2188 1771 rem
2210 1711 2270 1769 in
2297 1712 2414 1771 vita
2434 1711 2610 1771 mea-⁹

415 1814 499 1871 At
522 1813 584 1873 in
612 1812 831 1872 nostris
866 1810 951 1871 sic
994 1810 1247 1889 legitur:
1300 1810 1503 1868 Venire
1541 1808 1607 1866 in
1633 1811 1916 1866 mentem:
1955 1808 2036 1865 mi
2083 1807 2198 1867 vir.
2250 1808 2326 1865 ola
2363 1807 2611 1887 γεγε-ἐπ’

418 1909 629 1971 mulier
654 1928 769 1968 cue
789 1910 819 1967 ἲ
860 1905 1111 1966 ullamne
1136 1925 1269 1986 ego.
1353 1906 1469 1965 Ubi
1506 1904 1697 1975 vides,
1749 1903 1799 1963 si
1842 1903 2033 1964 addas
2062 1904 2262 1965 omnia
2287 1904 2388 1965 illa
2413 1908 2611 1979 verba,

419 2026 555 2089 quae
601 2002 951 2093 praecedunt
992 1998 1499 2082 exprobrationem
1528 1999 1711 2071 seniz,
1751 2020 1958 2059 versus
1987 2002 2093 2059 fiat
2119 1999 2312 2060 stadio
2340 2001 2609 2081 longior:

420 2112 484 2161 at
508 2100 593 2160 illi
623 2098 909 2160 octonarii
938 2107 1099 2157 sunt.
1165 2096 1386 2155 Verum
1415 2096 1579 2174 lepor
1608 2112 1844 2172 quoque
1873 2094 1933 2152 in
1963 2097 2154 2154 verbis
2183 2106 2279 2154 est
2301 2095 2438 2169 illis,
2477 2106 2492 2131 ‘
2514 2098 2612 2157 Oh
2651 2151 2656 2155 .

420 2194 647 2276 pergin'
672 2193 883 2253 mulier
910 2211 1046 2253 esse
1066 2192 1105 2251 :'
1140 2190 1274 2270 plus
1304 2189 1459 2249 enim
1486 2199 1579 2249 est
1605 2208 1739 2250 esse
1770 2190 2092 2263 mulierem,
2120 2210 2296 2271 quam
2326 2192 2613 2253 odiosam.

420 2292 491 2352 In
536 2291 723 2351 altero
770 2298 966 2350 autem
1012 2294 1295 2366 sequente
1321 2306 1336 2344 ε
1381 2292 1398 2319 ‘
1424 2286 1573 2345 Rem
1620 2303 1882 2363 unquam
1927 2285 2108 2357 volui,
2150 2287 2292 2364 quin
2337 2297 2400 2346 tu
2447 2288 2504 2345 in
2545 2308 2618 2347 ea

416 2387 561 2447 mihi
604 2385 975 2447 advorsatrix
1016 2384 1219 2457 fueris,
1271 2383 1543 2442 Sostrata
1564 2380 1607 2438 ’ξ’
1694 2380 1944 2441 Videtur
1989 2381 2220 2461 syllaba
2245 2380 2614 2445 redundare:

423 2482 529 2545 sed
576 2484 678 2555 mi,
723 2480 1090 2562 pronunties,
1142 2498 1262 2538 non
1290 2479 1493 2539 milti..
1543 2477 1802 2538 Bembus
1831 2488 2028 2537 autem
2069 2478 2152 2537 ita
2195 2479 2360 2558 legit,
2403 2492 2472 2539 ut
2496 2500 2619 2540 una

426 2577 701 2637 deficiat:
746 2577 872 2637 sic:
925 2578 1095 2637 Volui
1113 2596 1134 2635 .·
1174 2576 1321 2657 quin
1350 2583 1419 2635 tu
1446 2576 1511 2634 in
1539 2582 1605 2633 e'a
1642 2576 1788 2634 mihi
1815 2575 2018 2651 suerit
2065 2573 2436 2636 adversatrix
2480 2575 2620 2635 Sos-

428 2675 630 2734 trata?
656 2672 1035 2733 Locutionem
1058 2691 1295 2752 quoque
1318 2690 1436 2730 non
1460 2670 1666 2730 leviter
1693 2680 2084 2749 pertranseas.
2143 2669 2249 2731 Ille
2271 2670 2427 2731 enim
2449 2670 2622 2732 dicit:

435 2769 759 2829 Nullamne
786 2788 907 2829 rem
936 2768 1139 2829 volui'i
1166 2786 1311 2827 sane
1338 2766 1661 2828 tolerabilis
1692 2786 1904 2839 sermo,
1933 2786 2066 2827 cum
2095 2767 2272 2825 verbo
2298 2767 2433 2839 hoc,
2463 2768 2620 2827 volo-

429 2864 583 2923 Nam
610 2865 869 2944 negatiO,
917 2885 1053 2943 quae
1080 2875 1174 2924 est
1198 2864 1259 2923 in
1288 2863 1541 2936 nomine,
1588 2864 1652 2922 in
1678 2865 1922 2923 verbum
1949 2864 2180 2934 transit,
2226 2874 2286 2921 et
2316 2863 2402 2933 fit,
2441 2862 2622 2923 ullam

429 2978 551 3018 rem
578 2960 760 3039 nolui.
844 2960 985 3017 Non
1036 2958 1229 3037 possis
1256 2977 1395 3018 vero
1424 2958 1619 3018 dicere
1647 2975 1784 3017 cum
1809 2959 1987 3017 verbo
2017 2958 2384 3017 substantivo
2411 2978 2426 3017 :
2472 2958 2624 3018 Nul-

428 3056 565 3115 lane
591 3073 684 3113 res
711 3051 849 3114 est?
889 3071 1147 3131 quonam
1174 3051 1355 3112 modo
1381 3071 1638 3129 namque
1665 3062 1846 3125 esset,
1874 3054 1925 3112 si
1954 3072 2074 3112 non
2103 3052 2238 3112 est?
2277 3072 2471 3131 neque
2498 3072 2624 3112 me-

428 3151 569 3233 lius,
591 3148 860 3228 procedit
902 3149 1001 3209 ille
1047 3168 1122 3209 ex
1161 3148 1392 3219 eadem,
1438 3166 1613 3226 quem
1658 3166 1766 3207 nos
1817 3148 1940 3208 sic:
1984 3156 2001 3183 ‘
2031 3148 2373 3209 Sustulisti:
2417 3149 2502 3208 sic
2531 3161 2628 3209 est

430 3247 683 3307 factum:
716 3243 974 3317 domina,
998 3264 1139 3324 ergo
1160 3245 1339 3306 herus
1370 3244 1587 3304 damno
1610 3254 1821 3321 auctus
1845 3244 1975 3305 est?
2016 3244 2124 3305 Ille
2145 3244 2258 3304 sic:
2284 3242 2656 3313 Sustulirtir,

432 3342 517 3403 cio
545 3342 914 3421 estfactum.-
943 3340 1184 3414 domin’,
1211 3360 1355 3422 ergo
1382 3341 1559 3401 herus
1586 3340 1798 3401 damno
1825 3346 2035 3401 auctus
2055 3346 2161 3401 eut.
2223 3340 2306 3399 At
2325 3340 2446 3401 duo
2469 3352 2629 3411 sunt,

426 3457 569 3515 -quoe
598 3434 949 3497 dissuadent
976 3455 1110 3497 esse
1132 3434 1558 3515 recipiendum.
1628 3434 1890 3495 Primum
1917 3454 2144 3511 versus,
2171 3439 2271 3515 qui
2298 3436 2632 3499 trochaicus

436 3532 555 3592 sit:
596 3550 779 3613 quare
828 3532 889 3590 in
932 3532 1143 3609 quinto
1185 3532 1341 3611 pede
1367 3533 1624 3593 iambum
1651 3531 1898 3591 statuit:
1941 3552 2054 3592 nos
2081 3543 2472 3611 anapaestum.
2557 3532 2636 3592 Et

438 3618 633 3687 minus
662 3626 851 3686 simile
876 3628 997 3687 veri
1026 3628 1159 3699 suit,
1188 3628 1349 3688 domi
1379 3627 1718 3701 educatam,
1747 3638 1925 3707 atque
1952 3627 2161 3688 herum
2187 3628 2465 3689 latuisse:
2507 3640 2636 3689 erat

441 3722 599 3781 enim
626 3719 1123 3795 modicadomuS,
1165 3744 1300 3802 quse
1326 3725 1423 3784 vel
1450 3744 1625 3785 coena
1651 3721 1970 3783 Bacchidis
2009 3734 2410 3803 premeretur:
2451 3742 2636 3803 quare

440 3818 644 3896 inepta
671 3815 882 3875 fuisset
906 3816 1306 3896 interrogatio.
1364 3819 1577 3897 Neque
1603 3818 1819 3878 fuisset
1847 3828 2058 3878 auctus
2089 3817 2330 3891 damno,
2357 3820 2662 3896 quoniam,

444 3913 604 3975 domi
632 3910 985 3973 educasset:
1022 3910 1131 3971 sed
1159 3913 1439 3990 quoniam
1467 3912 1670 3985 filiam,
1697 3913 1793 3972 cui
1821 3913 1932 3971 dos
1958 3912 2227 3991 paranda
2252 3923 2434 3973 esset.
2516 3914 2639 3972 Ita-

444 4029 563 4090 que
588 4028 709 4069 non
737 4007 879 4068 soris
908 4006 1283 4088 educandam
1309 4007 1497 4082 dedit,
1528 4008 1636 4070 sed
1664 4008 2098 4088 exponendam.
2185 4008 2480 4068 Proeterca
2505 4008 2640 4088 plus

446 4103 726 4185 impendii
753 4114 866 4177 est,
908 4105 961 4162 si
1008 4102 1149 4163 soris
1178 4102 1511 4165 educantur
1533 4106 1722 4179 liberi,
1764 4125 1942 4186 quam
1970 4105 2019 4164 si
2047 4104 2226 4163 domi.
2307 4101 2427 4161 Sed
2455 4114 2516 4162 et
2541 4104 2642 4165 ille

450 4202 509 4258 in
542 4199 848 4273 Eunucho,
890 4208 1018 4259 toto
1046 4200 1225 4259 verbo
1251 4198 1484 4279 longior
1512 4210 1625 4273 est,
1653 4210 1874 4261 temere
1901 4199 2150 4281 repetito
2178 4218 2193 4257 ε
2237 4204 2253 4231 ‘
2279 4196 2463 4278 quue
2493 4200 2644 4259 adeo

451 4294 675 4357 visam:
716 4295 903 4356 visam
934 4296 984 4356 si
1012 4293 1288 4357 domi'st:
1334 4295 1605 4375 quisnam
1632 4296 1772 4356 hinc
1801 4316 1838 4355 a
1864 4294 2088 4357 Thaide
2117 4294 2238 4355 exit
2253 4292 2298 4351 ’ξ’
2365 4294 2484 4355 Sed
2513 4296 2644 4354 ubi·
