<?xml version="1.0" encoding="UTF-8"?>
<!DOCTYPE html PUBLIC "-//W3C//DTD XHTML 1.0 Transitional//EN"
    "http://www.w3.org/TR/xhtml1/DTD/xhtml1-transitional.dtd">
<html xmlns="http://www.w3.org/1999/xhtml" xml:lang="en" lang="en">
 <head>
  <title>
</title>
<meta http-equiv="Content-Type" content="text/html;charset=utf-8" />
  <meta name='ocr-system' content='tesseract 3.04.00' />
  <meta name='ocr-capabilities' content='ocr_page ocr_carea ocr_par ocr_line ocrx_word'/>
</head>
<body>
  <div class='ocr_page' id='page_1' title='image "./comoedisex10westgoog_0034.png"; bbox 0 0 3234 4934; ppageno 0'>
   <div class='ocr_carea' id='block_1_1' title="bbox 611 384 1919 452">
    <p class='ocr_par' dir='ltr' id='par_1_1' title="bbox 611 384 1919 452">
     <span class='ocr_line' id='line_1_1' title="bbox 611 384 1919 452; baseline -0.005 -2"><span class='ocrx_word' id='word_1_1' title='bbox 611 384 702 450; x_wconf 79' lang='lat'><strong>24</strong></span> <span class='ocrx_word' id='word_1_2' title='bbox 1201 439 1220 452; x_wconf 83' lang='lat'><strong>.</strong></span> <span class='ocrx_word' id='word_1_3' title='bbox 1499 399 1919 448; x_wconf 62' lang='lat' dir='ltr'><strong>numenio.</strong></span> 
     </span>
    </p>
   </div>
   <div class='ocr_carea' id='block_1_2' title="bbox 590 540 2811 4294">
    <p class='ocr_par' dir='ltr' id='par_1_2' title="bbox 606 540 2811 1343">
     <span class='ocr_line' id='line_1_2' title="bbox 609 540 2807 628; baseline 0.002 -18"><span class='ocrx_word' id='word_1_4' title='bbox 609 541 774 610; x_wconf 76' lang='lat' dir='ltr'><strong>folio</strong></span> <span class='ocrx_word' id='word_1_5' title='bbox 810 559 1042 623; x_wconf 79' lang='lat' dir='ltr'><strong>margo</strong></span> <span class='ocrx_word' id='word_1_6' title='bbox 1075 540 1163 606; x_wconf 88' lang='lat' dir='ltr'><strong>ad</strong></span> <span class='ocrx_word' id='word_1_7' title='bbox 1187 541 1498 608; x_wconf 83' lang='lat' dir='ltr'><strong>dextrum</strong></span> <span class='ocrx_word' id='word_1_8' title='bbox 1523 543 1705 608; x_wconf 89' lang='lat' dir='ltr'><strong>latus</strong></span> <span class='ocrx_word' id='word_1_9' title='bbox 1734 545 1903 609; x_wconf 84' lang='lat' dir='ltr'><strong>satis</strong></span> <span class='ocrx_word' id='word_1_10' title='bbox 1936 545 2201 628; x_wconf 85' lang='lat' dir='ltr'><strong>amplus</strong></span> <span class='ocrx_word' id='word_1_11' title='bbox 2244 554 2437 612; x_wconf 83' lang='lat' dir='ltr'><strong>textu</strong></span> <span class='ocrx_word' id='word_1_12' title='bbox 2466 557 2693 627; x_wconf 82' lang='lat' dir='ltr'><strong>vacat,</strong></span> <span class='ocrx_word' id='word_1_13' title='bbox 2736 553 2807 616; x_wconf 90' lang='lat' dir='ltr'><strong>in</strong></span> 
     </span>
     <span class='ocr_line' id='line_1_3' title="bbox 611 644 2811 727; baseline 0.002 -15"><span class='ocrx_word' id='word_1_14' title='bbox 611 664 849 712; x_wconf 86' lang='lat' dir='ltr'><strong>averso</strong></span> <span class='ocrx_word' id='word_1_15' title='bbox 875 644 1038 710; x_wconf 83' lang='lat' dir='ltr'><strong>folio</strong></span> <span class='ocrx_word' id='word_1_16' title='bbox 1067 644 1178 710; x_wconf 87' lang='lat' dir='ltr'><strong>hic</strong></span> <span class='ocrx_word' id='word_1_17' title='bbox 1201 663 1433 727; x_wconf 85' lang='lat' dir='ltr'><strong>margo</strong></span> <span class='ocrx_word' id='word_1_18' title='bbox 1462 645 1552 710; x_wconf 86' lang='lat' dir='ltr'><strong>ad</strong></span> <span class='ocrx_word' id='word_1_19' title='bbox 1581 644 1767 710; x_wconf 89' lang='lat' dir='ltr'><strong>latus</strong></span> <span class='ocrx_word' id='word_1_20' title='bbox 1796 646 2139 712; x_wconf 88' lang='lat' dir='ltr'><strong>sinistrum</strong></span> <span class='ocrx_word' id='word_1_21' title='bbox 2167 654 2291 712; x_wconf 89' lang='lat' dir='ltr'><strong>est.</strong></span> <span class='ocrx_word' id='word_1_22' title='bbox 2380 648 2609 716; x_wconf 87' lang='lat' dir='ltr'><strong>Lineis</strong></span> <span class='ocrx_word' id='word_1_23' title='bbox 2630 653 2811 718; x_wconf 86' lang='lat' dir='ltr'><strong>binis</strong></span> 
     </span>
     <span class='ocr_line' id='line_1_4' title="bbox 607 746 2811 835; baseline 0.005 -24"><span class='ocrx_word' id='word_1_24' title='bbox 607 746 1300 832; x_wconf 84' lang='lat' dir='ltr'><strong>perpendicularibus,</strong></span> <span class='ocrx_word' id='word_1_25' title='bbox 1349 766 1502 830; x_wconf 80' lang='lat' dir='ltr'><strong>quae</strong></span> <span class='ocrx_word' id='word_1_26' title='bbox 1551 755 1821 814; x_wconf 84' lang='lat' dir='ltr'><strong>textum</strong></span> <span class='ocrx_word' id='word_1_27' title='bbox 1868 749 2245 828; x_wconf 87' lang='lat' dir='ltr'><strong>terminant,</strong></span> <span class='ocrx_word' id='word_1_28' title='bbox 2290 749 2426 816; x_wconf 88' lang='lat' dir='ltr'><strong>alia</strong></span> <span class='ocrx_word' id='word_1_29' title='bbox 2484 753 2811 835; x_wconf 79' lang='lat' dir='ltr'><strong>parallela</strong></span> 
     </span>
     <span class='ocr_line' id='line_1_5' title="bbox 610 849 2807 932; baseline 0.004 -19"><span class='ocrx_word' id='word_1_30' title='bbox 610 850 818 917; x_wconf 75' lang='lat' dir='ltr'><strong>ducta</strong></span> <span class='ocrx_word' id='word_1_31' title='bbox 857 854 984 926; x_wconf 84' lang='lat' dir='ltr'><strong>est,</strong></span> <span class='ocrx_word' id='word_1_32' title='bbox 1024 867 1179 932; x_wconf 80' lang='lat' dir='ltr'><strong>quae</strong></span> <span class='ocrx_word' id='word_1_33' title='bbox 1225 867 1268 913; x_wconf 87' lang='lat' dir='ltr'><strong>a</strong></span> <span class='ocrx_word' id='word_1_34' title='bbox 1293 849 1681 916; x_wconf 86' lang='lat' dir='ltr'><strong>membrana</strong></span> <span class='ocrx_word' id='word_1_35' title='bbox 1720 860 2021 918; x_wconf 83' lang='lat' dir='ltr'><strong>extrema</strong></span> <span class='ocrx_word' id='word_1_36' title='bbox 2068 872 2203 917; x_wconf 89' lang='lat' dir='ltr'><strong>non</strong></span> <span class='ocrx_word' id='word_1_37' title='bbox 2252 853 2535 918; x_wconf 86' lang='lat' dir='ltr'><strong>multum</strong></span> <span class='ocrx_word' id='word_1_38' title='bbox 2578 854 2807 922; x_wconf 80' lang='lat' dir='ltr'><strong>distat.</strong></span> 
     </span>
     <span class='ocr_line' id='line_1_6' title="bbox 609 949 2807 1041; baseline 0.002 -23"><span class='ocrx_word' id='word_1_39' title='bbox 609 949 798 1018; x_wconf 86' lang='lat' dir='ltr'><strong>Huic</strong></span> <span class='ocrx_word' id='word_1_40' title='bbox 827 951 1054 1034; x_wconf 86' lang='lat' dir='ltr'><strong>spatio</strong></span> <span class='ocrx_word' id='word_1_41' title='bbox 1085 951 1254 1016; x_wconf 82' lang='lat' dir='ltr'><strong>inter</strong></span> <span class='ocrx_word' id='word_1_42' title='bbox 1277 949 1450 1017; x_wconf 85' lang='lat' dir='ltr'><strong>duas</strong></span> <span class='ocrx_word' id='word_1_43' title='bbox 1469 952 1683 1018; x_wconf 84' lang='lat' dir='ltr'><strong>lineas</strong></span> <span class='ocrx_word' id='word_1_44' title='bbox 1712 955 2289 1039; x_wconf 72' lang='lat' dir='ltr'><strong>perpendiculares</strong></span> <span class='ocrx_word' id='word_1_45' title='bbox 2314 959 2497 1021; x_wconf 73' lang='lat' dir='ltr'><strong>notoe</strong></span> <span class='ocrx_word' id='word_1_46' title='bbox 2524 957 2807 1041; x_wconf 85' lang='lat' dir='ltr'><strong>inscrip-</strong></span> 
     </span>
     <span class='ocr_line' id='line_1_7' title="bbox 609 1053 2805 1141; baseline 0.002 -22"><span class='ocrx_word' id='word_1_47' title='bbox 609 1063 700 1119; x_wconf 75' lang='lat' dir='ltr'><strong>toe</strong></span> <span class='ocrx_word' id='word_1_48' title='bbox 745 1059 926 1131; x_wconf 87' lang='lat' dir='ltr'><strong>sunt,</strong></span> <span class='ocrx_word' id='word_1_49' title='bbox 975 1071 1134 1136; x_wconf 78' lang='lat' dir='ltr'><strong>quae</strong></span> <span class='ocrx_word' id='word_1_50' title='bbox 1179 1053 1268 1118; x_wconf 90' lang='lat' dir='ltr'><strong>ob</strong></span> <span class='ocrx_word' id='word_1_51' title='bbox 1323 1054 1783 1137; x_wconf 75' lang='lat' dir='ltr'><strong>prolixitatem</strong></span> <span class='ocrx_word' id='word_1_52' title='bbox 1826 1057 2177 1122; x_wconf 79' lang='lat' dir='ltr'><strong>contextui</strong></span> <span class='ocrx_word' id='word_1_53' title='bbox 2226 1058 2629 1141; x_wconf 76' lang='lat' dir='ltr'><strong>superscribi</strong></span> <span class='ocrx_word' id='word_1_54' title='bbox 2672 1078 2805 1125; x_wconf 85' lang='lat' dir='ltr'><strong>non</strong></span> 
     </span>
     <span class='ocr_line' id='line_1_8' title="bbox 606 1153 2805 1243; baseline 0.003 -22"><span class='ocrx_word' id='word_1_55' title='bbox 606 1162 942 1240; x_wconf 81' lang='lat' dir='ltr'><strong>poterant.</strong></span> <span class='ocrx_word' id='word_1_56' title='bbox 1027 1153 1294 1233; x_wconf 72' lang='lat' dir='ltr'><strong>Multae,</strong></span> <span class='ocrx_word' id='word_1_57' title='bbox 1315 1156 1522 1222; x_wconf 89' lang='lat' dir='ltr'><strong>immo</strong></span> <span class='ocrx_word' id='word_1_58' title='bbox 1551 1159 1851 1228; x_wconf 82' lang='lat' dir='ltr'><strong>maxima</strong></span> <span class='ocrx_word' id='word_1_59' title='bbox 1871 1160 2245 1242; x_wconf 87' lang='lat' dir='ltr'><strong>glossarum</strong></span> <span class='ocrx_word' id='word_1_60' title='bbox 2264 1177 2449 1243; x_wconf 85' lang='lat' dir='ltr'><strong>pars,</strong></span> <span class='ocrx_word' id='word_1_61' title='bbox 2464 1159 2629 1243; x_wconf 85' lang='lat' dir='ltr'><strong>quia</strong></span> <span class='ocrx_word' id='word_1_62' title='bbox 2646 1179 2805 1243; x_wconf 88' lang='lat' dir='ltr'><strong>per-</strong></span> 
     </span>
     <span class='ocr_line' id='line_1_9' title="bbox 610 1258 1967 1343; baseline 0.003 -21"><span class='ocrx_word' id='word_1_63' title='bbox 610 1277 812 1343; x_wconf 84' lang='lat' dir='ltr'><strong>quam</strong></span> <span class='ocrx_word' id='word_1_64' title='bbox 841 1258 1080 1323; x_wconf 81' lang='lat' dir='ltr'><strong>breves</strong></span> <span class='ocrx_word' id='word_1_65' title='bbox 1105 1263 1279 1336; x_wconf 88' lang='lat' dir='ltr'><strong>sunt,</strong></span> <span class='ocrx_word' id='word_1_66' title='bbox 1307 1258 1763 1324; x_wconf 79' lang='lat' dir='ltr'><strong>interlineares</strong></span> <span class='ocrx_word' id='word_1_67' title='bbox 1786 1269 1967 1326; x_wconf 88' lang='lat' dir='ltr'><strong>sunt.</strong></span> 
     </span>
    </p>

    <p class='ocr_par' dir='ltr' id='par_1_3' title="bbox 597 1359 2803 2971">
     <span class='ocr_line' id='line_1_10' title="bbox 693 1359 2803 1446; baseline 0.002 -22"><span class='ocrx_word' id='word_1_68' title='bbox 693 1359 832 1426; x_wconf 73' lang='lat' dir='ltr'><strong>Hae</strong></span> <span class='ocrx_word' id='word_1_69' title='bbox 855 1367 1082 1426; x_wconf 88' lang='lat' dir='ltr'><strong>autem</strong></span> <span class='ocrx_word' id='word_1_70' title='bbox 1111 1363 1573 1428; x_wconf 71' lang='lat' dir='ltr'><strong>annotationes</strong></span> <span class='ocrx_word' id='word_1_71' title='bbox 1590 1363 1735 1427; x_wconf 83' lang='lat' dir='ltr'><strong>sive</strong></span> <span class='ocrx_word' id='word_1_72' title='bbox 1755 1365 2005 1446; x_wconf 76' lang='lat' dir='ltr'><strong>glossae</strong></span> <span class='ocrx_word' id='word_1_73' title='bbox 2026 1383 2159 1430; x_wconf 88' lang='lat' dir='ltr'><strong>non</strong></span> <span class='ocrx_word' id='word_1_74' title='bbox 2182 1364 2401 1429; x_wconf 87' lang='lat' dir='ltr'><strong>solum</strong></span> <span class='ocrx_word' id='word_1_75' title='bbox 2425 1363 2633 1427; x_wconf 82' lang='lat' dir='ltr'><strong>verba</strong></span> <span class='ocrx_word' id='word_1_76' title='bbox 2655 1369 2803 1428; x_wconf 79' lang='lat' dir='ltr'><strong>tex-</strong></span> 
     </span>
     <span class='ocr_line' id='line_1_11' title="bbox 605 1461 2803 1546; baseline 0.003 -24"><span class='ocrx_word' id='word_1_77' title='bbox 605 1465 720 1525; x_wconf 88' lang='lat' dir='ltr'><strong>tus</strong></span> <span class='ocrx_word' id='word_1_78' title='bbox 749 1461 1116 1546; x_wconf 84' lang='lat' dir='ltr'><strong>explicant,</strong></span> <span class='ocrx_word' id='word_1_79' title='bbox 1147 1461 1266 1528; x_wconf 87' lang='lat' dir='ltr'><strong>sed</strong></span> <span class='ocrx_word' id='word_1_80' title='bbox 1308 1463 1514 1529; x_wconf 88' lang='lat' dir='ltr'><strong>etiam</strong></span> <span class='ocrx_word' id='word_1_81' title='bbox 1551 1465 1777 1530; x_wconf 81' lang='lat' dir='ltr'><strong>varias</strong></span> <span class='ocrx_word' id='word_1_82' title='bbox 1808 1465 2136 1531; x_wconf 86' lang='lat' dir='ltr'><strong>lectiones</strong></span> <span class='ocrx_word' id='word_1_83' title='bbox 2178 1464 2463 1532; x_wconf 80' lang='lat' dir='ltr'><strong>aliorum</strong></span> <span class='ocrx_word' id='word_1_84' title='bbox 2490 1463 2803 1530; x_wconf 90' lang='lat' dir='ltr'><strong>codicum</strong></span> 
     </span>
     <span class='ocr_line' id='line_1_12' title="bbox 605 1563 2803 1633; baseline 0.001 -5"><span class='ocrx_word' id='word_1_85' title='bbox 605 1563 960 1629; x_wconf 83' lang='lat' dir='ltr'><strong>continent.</strong></span> <span class='ocrx_word' id='word_1_86' title='bbox 1047 1563 1227 1631; x_wconf 77' lang='lat' dir='ltr'><strong>Haec</strong></span> <span class='ocrx_word' id='word_1_87' title='bbox 1270 1564 1577 1632; x_wconf 83' lang='lat' dir='ltr'><strong>lectionis</strong></span> <span class='ocrx_word' id='word_1_88' title='bbox 1617 1567 1913 1633; x_wconf 84' lang='lat' dir='ltr'><strong>varietas</strong></span> <span class='ocrx_word' id='word_1_89' title='bbox 1952 1566 2295 1632; x_wconf 74' lang='lat' dir='ltr'><strong>indicatur</strong></span> <span class='ocrx_word' id='word_1_90' title='bbox 2336 1573 2479 1631; x_wconf 88' lang='lat' dir='ltr'><strong>tum</strong></span> <span class='ocrx_word' id='word_1_91' title='bbox 2520 1563 2647 1632; x_wconf 83' lang='lat' dir='ltr'><strong>hac</strong></span> <span class='ocrx_word' id='word_1_92' title='bbox 2676 1566 2803 1630; x_wconf 88' lang='lat' dir='ltr'><strong>ab-</strong></span> 
     </span>
     <span class='ocr_line' id='line_1_13' title="bbox 605 1659 2799 1748; baseline 0.001 -18"><span class='ocrx_word' id='word_1_93' title='bbox 605 1665 981 1732; x_wconf 80' lang='lat' dir='ltr'><strong>breviatura</strong></span> <span class='ocrx_word' id='word_1_94' title='bbox 1041 1659 1099 1745; x_wconf 69' lang='grc' dir='ltr'><strong>ἐ,</strong></span> <span class='ocrx_word' id='word_1_95' title='bbox 1142 1666 1215 1732; x_wconf 93' lang='lat' dir='ltr'><strong>id</strong></span> <span class='ocrx_word' id='word_1_96' title='bbox 1260 1672 1394 1745; x_wconf 90' lang='lat' dir='ltr'><strong>est,</strong></span> <span class='ocrx_word' id='word_1_97' title='bbox 1439 1671 1459 1702; x_wconf 93' lang='lat'>‘</span> <span class='ocrx_word' id='word_1_98' title='bbox 1479 1667 1634 1746; x_wconf 86' lang='lat' dir='ltr'><strong>vel,&#39;</strong></span> <span class='ocrx_word' id='word_1_99' title='bbox 1666 1675 1812 1734; x_wconf 88' lang='lat' dir='ltr'><strong>tum</strong></span> <span class='ocrx_word' id='word_1_100' title='bbox 1850 1669 1973 1734; x_wconf 90' lang='lat' dir='ltr'><strong>illa</strong></span> <span class='ocrx_word' id='word_1_101' title='bbox 2008 1660 2107 1748; x_wconf 69' lang='lat' dir='ltr'><strong>af,</strong></span> <span class='ocrx_word' id='word_1_102' title='bbox 2148 1669 2197 1733; x_wconf 91' lang='lat' dir='ltr'><strong>i.</strong></span> <span class='ocrx_word' id='word_1_103' title='bbox 2237 1687 2299 1734; x_wconf 87' lang='lat' dir='ltr'><strong>e.</strong></span> <span class='ocrx_word' id='word_1_104' title='bbox 2347 1672 2368 1702; x_wconf 89' lang='lat'>‘</span> <span class='ocrx_word' id='word_1_105' title='bbox 2386 1666 2608 1746; x_wconf 88' lang='lat' dir='ltr'><strong>alius‚&#39;</strong></span> <span class='ocrx_word' id='word_1_106' title='bbox 2648 1667 2799 1732; x_wconf 85' lang='lat' dir='ltr'><strong>sive</strong></span> 
     </span>
     <span class='ocr_line' id='line_1_14' title="bbox 603 1766 2801 1846; baseline 0 -14"><span class='ocrx_word' id='word_1_107' title='bbox 603 1772 625 1801; x_wconf 91' lang='lat'>‘</span> <span class='ocrx_word' id='word_1_108' title='bbox 646 1766 810 1846; x_wconf 63' lang='lat' dir='ltr'><strong>alii:</strong></span> <span class='ocrx_word' id='word_1_109' title='bbox 831 1769 980 1834; x_wconf 83' lang='lat' dir='ltr'><strong>sive</strong></span> <span class='ocrx_word' id='word_1_110' title='bbox 1008 1772 1030 1804; x_wconf 89' lang='lat'>‘</span> <span class='ocrx_word' id='word_1_111' title='bbox 1053 1767 1284 1834; x_wconf 63' lang='lat' dir='ltr'><strong>aliter?</strong></span> <span class='ocrx_word' id='word_1_112' title='bbox 1369 1767 1546 1836; x_wconf 88' lang='lat' dir='ltr'><strong>Esse</strong></span> <span class='ocrx_word' id='word_1_113' title='bbox 1587 1789 1823 1836; x_wconf 83' lang='lat' dir='ltr'><strong>revera</strong></span> <span class='ocrx_word' id='word_1_114' title='bbox 1866 1771 2089 1836; x_wconf 81' lang='lat' dir='ltr'><strong>varias</strong></span> <span class='ocrx_word' id='word_1_115' title='bbox 2129 1771 2457 1836; x_wconf 86' lang='lat' dir='ltr'><strong>lectiones</strong></span> <span class='ocrx_word' id='word_1_116' title='bbox 2497 1787 2582 1834; x_wconf 84' lang='lat' dir='ltr'><strong>ex</strong></span> <span class='ocrx_word' id='word_1_117' title='bbox 2612 1767 2801 1833; x_wconf 88' lang='lat' dir='ltr'><strong>codi-</strong></span> 
     </span>
     <span class='ocr_line' id='line_1_15' title="bbox 608 1868 2799 1956; baseline 0 -22"><span class='ocrx_word' id='word_1_118' title='bbox 608 1869 802 1934; x_wconf 89' lang='lat' dir='ltr'><strong>cibus</strong></span> <span class='ocrx_word' id='word_1_119' title='bbox 840 1869 1244 1954; x_wconf 87' lang='lat' dir='ltr'><strong>depromtas,</strong></span> <span class='ocrx_word' id='word_1_120' title='bbox 1285 1889 1420 1936; x_wconf 89' lang='lat' dir='ltr'><strong>nou</strong></span> <span class='ocrx_word' id='word_1_121' title='bbox 1461 1871 1953 1954; x_wconf 79' lang='lat' dir='ltr'><strong>explicationes</strong></span> <span class='ocrx_word' id='word_1_122' title='bbox 1999 1870 2105 1937; x_wconf 81' lang='lat' dir='ltr'><strong>vel</strong></span> <span class='ocrx_word' id='word_1_123' title='bbox 2148 1871 2595 1956; x_wconf 83' lang='lat' dir='ltr'><strong>conjecturas,</strong></span> <span class='ocrx_word' id='word_1_124' title='bbox 2638 1868 2799 1934; x_wconf 85' lang='lat' dir='ltr'><strong>inde</strong></span> 
     </span>
     <span class='ocr_line' id='line_1_16' title="bbox 601 1971 2799 2058; baseline -0.001 -22"><span class='ocrx_word' id='word_1_125' title='bbox 601 1979 852 2036; x_wconf 87' lang='lat' dir='ltr'><strong>certum</strong></span> <span class='ocrx_word' id='word_1_126' title='bbox 879 1979 1008 2049; x_wconf 90' lang='lat' dir='ltr'><strong>est,</strong></span> <span class='ocrx_word' id='word_1_127' title='bbox 1041 1972 1202 2056; x_wconf 87' lang='lat' dir='ltr'><strong>quia</strong></span> <span class='ocrx_word' id='word_1_128' title='bbox 1242 1973 1310 2037; x_wconf 90' lang='lat' dir='ltr'><strong>in</strong></span> <span class='ocrx_word' id='word_1_129' title='bbox 1353 1973 1509 2040; x_wconf 88' lang='lat' dir='ltr'><strong>aliis</strong></span> <span class='ocrx_word' id='word_1_130' title='bbox 1558 1975 1907 2040; x_wconf 87' lang='lat' dir='ltr'><strong>codicibus</strong></span> <span class='ocrx_word' id='word_1_131' title='bbox 1944 1974 2325 2058; x_wconf 72' lang='lat' dir='ltr'><strong>saepissime</strong></span> <span class='ocrx_word' id='word_1_132' title='bbox 2354 1971 2799 2056; x_wconf 86' lang='lat' dir='ltr'><strong>reperiuntur.</strong></span> 
     </span>
     <span class='ocr_line' id='line_1_17' title="bbox 603 2069 2797 2160; baseline 0.001 -25"><span class='ocrx_word' id='word_1_133' title='bbox 603 2069 802 2136; x_wconf 87' lang='lat' dir='ltr'><strong>Unde</strong></span> <span class='ocrx_word' id='word_1_134' title='bbox 831 2072 1074 2157; x_wconf 86' lang='lat' dir='ltr'><strong>conjici</strong></span> <span class='ocrx_word' id='word_1_135' title='bbox 1105 2081 1359 2157; x_wconf 84' lang='lat' dir='ltr'><strong>potest,</strong></span> <span class='ocrx_word' id='word_1_136' title='bbox 1385 2093 1530 2152; x_wconf 89' lang='lat' dir='ltr'><strong>eas,</strong></span> <span class='ocrx_word' id='word_1_137' title='bbox 1573 2096 1731 2160; x_wconf 79' lang='lat' dir='ltr'><strong>quae</strong></span> <span class='ocrx_word' id='word_1_138' title='bbox 1772 2077 2165 2142; x_wconf 80' lang='lat' dir='ltr'><strong>auctoritate</strong></span> <span class='ocrx_word' id='word_1_139' title='bbox 2204 2073 2461 2140; x_wconf 90' lang='lat' dir='ltr'><strong>codicis</strong></span> <span class='ocrx_word' id='word_1_140' title='bbox 2502 2071 2797 2138; x_wconf 88' lang='lat' dir='ltr'><strong>nondum</strong></span> 
     </span>
     <span class='ocr_line' id='line_1_18' title="bbox 600 2173 2797 2254; baseline 0.001 -16"><span class='ocrx_word' id='word_1_141' title='bbox 600 2173 786 2240; x_wconf 74' lang='lat' dir='ltr'><strong>fultae</strong></span> <span class='ocrx_word' id='word_1_142' title='bbox 813 2183 993 2254; x_wconf 89' lang='lat' dir='ltr'><strong>sunt,</strong></span> <span class='ocrx_word' id='word_1_143' title='bbox 1045 2175 1165 2241; x_wconf 88' lang='lat' dir='ltr'><strong>illa</strong></span> <span class='ocrx_word' id='word_1_144' title='bbox 1206 2183 1429 2242; x_wconf 85' lang='lat' dir='ltr'><strong>tamen</strong></span> <span class='ocrx_word' id='word_1_145' title='bbox 1471 2197 1607 2244; x_wconf 89' lang='lat' dir='ltr'><strong>non</strong></span> <span class='ocrx_word' id='word_1_146' title='bbox 1652 2179 2036 2244; x_wconf 86' lang='lat' dir='ltr'><strong>destitutum</strong></span> <span class='ocrx_word' id='word_1_147' title='bbox 2064 2177 2173 2254; x_wconf 89' lang='lat' dir='ltr'><strong>iri,</strong></span> <span class='ocrx_word' id='word_1_148' title='bbox 2202 2177 2261 2240; x_wconf 90' lang='lat' dir='ltr'><strong>si</strong></span> <span class='ocrx_word' id='word_1_149' title='bbox 2293 2175 2565 2241; x_wconf 85' lang='lat' dir='ltr'><strong>codices</strong></span> <span class='ocrx_word' id='word_1_150' title='bbox 2595 2193 2797 2240; x_wconf 79' lang='lat' dir='ltr'><strong>accu-</strong></span> 
     </span>
     <span class='ocr_line' id='line_1_19' title="bbox 598 2276 2799 2358; baseline 0 -19"><span class='ocrx_word' id='word_1_151' title='bbox 598 2276 807 2342; x_wconf 87' lang='lat' dir='ltr'><strong>ratius</strong></span> <span class='ocrx_word' id='word_1_152' title='bbox 851 2277 1339 2343; x_wconf 79' lang='lat' dir='ltr'><strong>examinantur.</strong></span> <span class='ocrx_word' id='word_1_153' title='bbox 1427 2277 1745 2345; x_wconf 86' lang='lat' dir='ltr'><strong>Varietas</strong></span> <span class='ocrx_word' id='word_1_154' title='bbox 1799 2287 2018 2344; x_wconf 85' lang='lat' dir='ltr'><strong>autem</strong></span> <span class='ocrx_word' id='word_1_155' title='bbox 2071 2295 2199 2342; x_wconf 88' lang='lat' dir='ltr'><strong>non</strong></span> <span class='ocrx_word' id='word_1_156' title='bbox 2244 2277 2464 2340; x_wconf 90' lang='lat' dir='ltr'><strong>solum</strong></span> <span class='ocrx_word' id='word_1_157' title='bbox 2510 2276 2799 2358; x_wconf 83' lang='lat' dir='ltr'><strong>pertinet</strong></span> 
     </span>
     <span class='ocr_line' id='line_1_20' title="bbox 603 2375 2797 2464; baseline 0 -24"><span class='ocrx_word' id='word_1_158' title='bbox 603 2376 690 2441; x_wconf 89' lang='lat' dir='ltr'><strong>ad</strong></span> <span class='ocrx_word' id='word_1_159' title='bbox 719 2397 948 2454; x_wconf 83' lang='lat' dir='ltr'><strong>voces,</strong></span> <span class='ocrx_word' id='word_1_160' title='bbox 978 2375 1098 2440; x_wconf 92' lang='lat' dir='ltr'><strong>sed</strong></span> <span class='ocrx_word' id='word_1_161' title='bbox 1125 2377 1324 2443; x_wconf 89' lang='lat' dir='ltr'><strong>etiam</strong></span> <span class='ocrx_word' id='word_1_162' title='bbox 1355 2378 1445 2444; x_wconf 90' lang='lat' dir='ltr'><strong>ad</strong></span> <span class='ocrx_word' id='word_1_163' title='bbox 1475 2380 1669 2461; x_wconf 85' lang='lat' dir='ltr'><strong>signa</strong></span> <span class='ocrx_word' id='word_1_164' title='bbox 1711 2378 2291 2464; x_wconf 83' lang='lat' dir='ltr'><strong>interpunctionis,</strong></span> <span class='ocrx_word' id='word_1_165' title='bbox 2334 2377 2496 2444; x_wconf 90' lang='lat' dir='ltr'><strong>dum</strong></span> <span class='ocrx_word' id='word_1_166' title='bbox 2540 2377 2797 2460; x_wconf 77' lang='lat' dir='ltr'><strong>saepius</strong></span> 
     </span>
     <span class='ocr_line' id='line_1_21' title="bbox 601 2478 2795 2564; baseline 0 -23"><span class='ocrx_word' id='word_1_167' title='bbox 601 2483 974 2558; x_wconf 84' lang='lat' dir='ltr'><strong>annotatur,</strong></span> <span class='ocrx_word' id='word_1_168' title='bbox 999 2478 1158 2543; x_wconf 92' lang='lat' dir='ltr'><strong>loco</strong></span> <span class='ocrx_word' id='word_1_169' title='bbox 1191 2478 1364 2562; x_wconf 90' lang='lat' dir='ltr'><strong>signi</strong></span> <span class='ocrx_word' id='word_1_170' title='bbox 1394 2479 1923 2564; x_wconf 77' lang='lat' dir='ltr'><strong>interrogationis</strong></span> <span class='ocrx_word' id='word_1_171' title='bbox 1945 2479 2126 2546; x_wconf 87' lang='lat' dir='ltr'><strong>aliud</strong></span> <span class='ocrx_word' id='word_1_172' title='bbox 2152 2479 2477 2559; x_wconf 83' lang='lat' dir='ltr'><strong>adhiberi,</strong></span> <span class='ocrx_word' id='word_1_173' title='bbox 2504 2479 2614 2544; x_wconf 81' lang='lat' dir='ltr'><strong>vel</strong></span> <span class='ocrx_word' id='word_1_174' title='bbox 2645 2479 2795 2543; x_wconf 83' lang='lat' dir='ltr'><strong>vice</strong></span> 
     </span>
     <span class='ocr_line' id='line_1_22' title="bbox 597 2577 2793 2666; baseline 0.001 -23"><span class='ocrx_word' id='word_1_175' title='bbox 597 2597 820 2645; x_wconf 80' lang='lat' dir='ltr'><strong>versa.</strong></span> <span class='ocrx_word' id='word_1_176' title='bbox 907 2577 1409 2648; x_wconf 83' lang='lat' dir='ltr'><strong>Observandum</strong></span> <span class='ocrx_word' id='word_1_177' title='bbox 1432 2587 1655 2648; x_wconf 87' lang='lat' dir='ltr'><strong>tamen</strong></span> <span class='ocrx_word' id='word_1_178' title='bbox 1682 2590 1815 2660; x_wconf 89' lang='lat' dir='ltr'><strong>est,</strong></span> <span class='ocrx_word' id='word_1_179' title='bbox 1838 2601 2067 2659; x_wconf 82' lang='lat' dir='ltr'><strong>voces,</strong></span> <span class='ocrx_word' id='word_1_180' title='bbox 2095 2582 2341 2665; x_wconf 86' lang='lat' dir='ltr'><strong>quibus</strong></span> <span class='ocrx_word' id='word_1_181' title='bbox 2372 2581 2793 2666; x_wconf 68' lang='lat' dir='ltr'><strong>praemissum</strong></span> 
     </span>
     <span class='ocr_line' id='line_1_23' title="bbox 597 2679 2795 2767; baseline 0 -22"><span class='ocrx_word' id='word_1_182' title='bbox 597 2685 704 2745; x_wconf 88' lang='lat' dir='ltr'><strong>est</strong></span> <span class='ocrx_word' id='word_1_183' title='bbox 732 2684 752 2715; x_wconf 92' lang='lat'>‘</span> <span class='ocrx_word' id='word_1_184' title='bbox 778 2679 917 2744; x_wconf 85' lang='lat' dir='ltr'><strong>vel’</strong></span> <span class='ocrx_word' id='word_1_185' title='bbox 943 2686 1055 2745; x_wconf 87' lang='lat' dir='ltr'><strong>aut</strong></span> <span class='ocrx_word' id='word_1_186' title='bbox 1082 2685 1101 2715; x_wconf 78' lang='lat'>⁸</span> <span class='ocrx_word' id='word_1_187' title='bbox 1127 2679 1243 2746; x_wconf 69' lang='lat' dir='ltr'><strong>al!</strong></span> <span class='ocrx_word' id='word_1_188' title='bbox 1271 2684 1739 2750; x_wconf 84' lang='lat' dir='ltr'><strong>tantummodo</strong></span> <span class='ocrx_word' id='word_1_189' title='bbox 1785 2690 1927 2750; x_wconf 84' lang='lat' dir='ltr'><strong>tum</strong></span> <span class='ocrx_word' id='word_1_190' title='bbox 1971 2701 2097 2767; x_wconf 85' lang='lat' dir='ltr'><strong>pro</strong></span> <span class='ocrx_word' id='word_1_191' title='bbox 2142 2683 2347 2749; x_wconf 83' lang='lat' dir='ltr'><strong>variis</strong></span> <span class='ocrx_word' id='word_1_192' title='bbox 2389 2681 2795 2750; x_wconf 87' lang='lat' dir='ltr'><strong>lectionibus</strong></span> 
     </span>
     <span class='ocr_line' id='line_1_24' title="bbox 597 2780 2793 2868; baseline 0.001 -20"><span class='ocrx_word' id='word_1_193' title='bbox 597 2780 937 2848; x_wconf 83' lang='lat' dir='ltr'><strong>habendas</strong></span> <span class='ocrx_word' id='word_1_194' title='bbox 963 2803 1136 2864; x_wconf 85' lang='lat' dir='ltr'><strong>esse,</strong></span> <span class='ocrx_word' id='word_1_195' title='bbox 1155 2784 1216 2849; x_wconf 89' lang='lat' dir='ltr'><strong>si</strong></span> <span class='ocrx_word' id='word_1_196' title='bbox 1243 2784 1408 2850; x_wconf 85' lang='lat' dir='ltr'><strong>nihil</strong></span> <span class='ocrx_word' id='word_1_197' title='bbox 1429 2785 1718 2868; x_wconf 84' lang='lat' dir='ltr'><strong>amplius</strong></span> <span class='ocrx_word' id='word_1_198' title='bbox 1750 2784 2041 2852; x_wconf 86' lang='lat' dir='ltr'><strong>additur.</strong></span> <span class='ocrx_word' id='word_1_199' title='bbox 2111 2784 2377 2852; x_wconf 79' lang='lat' dir='ltr'><strong>Glossae</strong></span> <span class='ocrx_word' id='word_1_200' title='bbox 2406 2790 2631 2850; x_wconf 89' lang='lat' dir='ltr'><strong>autem</strong></span> <span class='ocrx_word' id='word_1_201' title='bbox 2654 2802 2793 2850; x_wconf 82' lang='lat' dir='ltr'><strong>nou</strong></span> 
     </span>
     <span class='ocr_line' id='line_1_25' title="bbox 601 2885 1834 2971; baseline 0.003 -24"><span class='ocrx_word' id='word_1_202' title='bbox 601 2902 829 2948; x_wconf 88' lang='lat' dir='ltr'><strong>omnes</strong></span> <span class='ocrx_word' id='word_1_203' title='bbox 857 2885 1095 2950; x_wconf 89' lang='lat' dir='ltr'><strong>eadem</strong></span> <span class='ocrx_word' id='word_1_204' title='bbox 1120 2905 1326 2950; x_wconf 86' lang='lat' dir='ltr'><strong>mauu</strong></span> <span class='ocrx_word' id='word_1_205' title='bbox 1352 2886 1627 2971; x_wconf 74' lang='lat' dir='ltr'><strong>scriptae</strong></span> <span class='ocrx_word' id='word_1_206' title='bbox 1656 2894 1834 2954; x_wconf 86' lang='lat' dir='ltr'><strong>sunt.</strong></span> 
     </span>
    </p>

    <p class='ocr_par' dir='ltr' id='par_1_4' title="bbox 590 2984 2789 4294">
     <span class='ocr_line' id='line_1_26' title="bbox 685 2984 2789 3074; baseline 0.003 -26"><span class='ocrx_word' id='word_1_207' title='bbox 685 2984 768 3048; x_wconf 89' lang='lat' dir='ltr'><strong>In</strong></span> <span class='ocrx_word' id='word_1_208' title='bbox 791 3005 1036 3070; x_wconf 86' lang='lat' dir='ltr'><strong>magna</strong></span> <span class='ocrx_word' id='word_1_209' title='bbox 1076 2985 1416 3055; x_wconf 83' lang='lat' dir='ltr'><strong>felicitatis</strong></span> <span class='ocrx_word' id='word_1_210' title='bbox 1465 3007 1634 3054; x_wconf 78' lang='lat' dir='ltr'><strong>meae</strong></span> <span class='ocrx_word' id='word_1_211' title='bbox 1684 2997 1879 3074; x_wconf 88' lang='lat' dir='ltr'><strong>parte</strong></span> <span class='ocrx_word' id='word_1_212' title='bbox 1928 3007 2207 3073; x_wconf 84' lang='lat' dir='ltr'><strong>repono,</strong></span> <span class='ocrx_word' id='word_1_213' title='bbox 2246 2986 2453 3071; x_wconf 85' lang='lat' dir='ltr'><strong>quod,</strong></span> <span class='ocrx_word' id='word_1_214' title='bbox 2490 2987 2789 3054; x_wconf 87' lang='lat' dir='ltr'><strong>nondum</strong></span> 
     </span>
     <span class='ocr_line' id='line_1_27' title="bbox 597 3088 2789 3175; baseline 0.003 -25"><span class='ocrx_word' id='word_1_215' title='bbox 597 3092 844 3154; x_wconf 84' lang='lat' dir='ltr'><strong>exacto</strong></span> <span class='ocrx_word' id='word_1_216' title='bbox 871 3088 1033 3155; x_wconf 87' lang='lat' dir='ltr'><strong>anni</strong></span> <span class='ocrx_word' id='word_1_217' title='bbox 1056 3091 1282 3172; x_wconf 81' lang='lat' dir='ltr'><strong>spatio</strong></span> <span class='ocrx_word' id='word_1_218' title='bbox 1323 3093 1392 3156; x_wconf 89' lang='lat' dir='ltr'><strong>in</strong></span> <span class='ocrx_word' id='word_1_219' title='bbox 1420 3090 1679 3175; x_wconf 81' lang='lat' dir='ltr'><strong>inclyta</strong></span> <span class='ocrx_word' id='word_1_220' title='bbox 1706 3089 2081 3156; x_wconf 85' lang='lat' dir='ltr'><strong>Academia</strong></span> <span class='ocrx_word' id='word_1_221' title='bbox 2110 3089 2589 3167; x_wconf 86' lang='lat' dir='ltr'><strong>Fridericiana,</strong></span> <span class='ocrx_word' id='word_1_222' title='bbox 2613 3108 2789 3173; x_wconf 72' lang='lat' dir='ltr'><strong>pree·</strong></span> 
     </span>
     <span class='ocr_line' id='line_1_28' title="bbox 595 3191 2787 3274; baseline 0 -20"><span class='ocrx_word' id='word_1_223' title='bbox 595 3208 682 3254; x_wconf 93' lang='lat' dir='ltr'><strong>co</strong></span> <span class='ocrx_word' id='word_1_224' title='bbox 708 3208 860 3255; x_wconf 88' lang='lat' dir='ltr'><strong>esse</strong></span> <span class='ocrx_word' id='word_1_225' title='bbox 887 3191 1148 3274; x_wconf 88' lang='lat' dir='ltr'><strong>possim</strong></span> <span class='ocrx_word' id='word_1_226' title='bbox 1178 3192 1438 3258; x_wconf 89' lang='lat' dir='ltr'><strong>codicis</strong></span> <span class='ocrx_word' id='word_1_227' title='bbox 1467 3193 1566 3256; x_wconf 89' lang='lat' dir='ltr'><strong>ibi</strong></span> <span class='ocrx_word' id='word_1_228' title='bbox 1597 3191 1925 3258; x_wconf 88' lang='lat' dir='ltr'><strong>custoditi</strong></span> <span class='ocrx_word' id='word_1_229' title='bbox 1950 3191 2265 3265; x_wconf 85' lang='lat' dir='ltr'><strong>Terentii,</strong></span> <span class='ocrx_word' id='word_1_230' title='bbox 2288 3195 2425 3254; x_wconf 91' lang='lat' dir='ltr'><strong>tum</strong></span> <span class='ocrx_word' id='word_1_231' title='bbox 2454 3191 2787 3274; x_wconf 88' lang='lat' dir='ltr'><strong>antiquis·</strong></span> 
     </span>
     <span class='ocr_line' id='line_1_29' title="bbox 595 3290 2787 3374; baseline 0.001 -19"><span class='ocrx_word' id='word_1_232' title='bbox 595 3290 777 3368; x_wconf 87' lang='lat' dir='ltr'><strong>simi,</strong></span> <span class='ocrx_word' id='word_1_233' title='bbox 805 3298 950 3356; x_wconf 87' lang='lat' dir='ltr'><strong>tum</strong></span> <span class='ocrx_word' id='word_1_234' title='bbox 980 3290 1258 3358; x_wconf 88' lang='lat' dir='ltr'><strong>scholiis</strong></span> <span class='ocrx_word' id='word_1_235' title='bbox 1289 3295 1434 3358; x_wconf 82' lang='lat' dir='ltr'><strong>sive</strong></span> <span class='ocrx_word' id='word_1_236' title='bbox 1459 3293 1709 3374; x_wconf 83' lang='lat' dir='ltr'><strong>glossis</strong></span> <span class='ocrx_word' id='word_1_237' title='bbox 1756 3293 1925 3358; x_wconf 82' lang='lat' dir='ltr'><strong>varii</strong></span> <span class='ocrx_word' id='word_1_238' title='bbox 1968 3292 2225 3374; x_wconf 87' lang='lat' dir='ltr'><strong>generis</strong></span> <span class='ocrx_word' id='word_1_239' title='bbox 2250 3291 2552 3374; x_wconf 86' lang='lat' dir='ltr'><strong>insignis.</strong></span> <span class='ocrx_word' id='word_1_240' title='bbox 2640 3291 2787 3358; x_wconf 91' lang='lat' dir='ltr'><strong>Do-</strong></span> 
     </span>
     <span class='ocr_line' id='line_1_30' title="bbox 593 3391 2784 3478; baseline 0.002 -22"><span class='ocrx_word' id='word_1_241' title='bbox 593 3391 862 3457; x_wconf 87' lang='lat' dir='ltr'><strong>lendum</strong></span> <span class='ocrx_word' id='word_1_242' title='bbox 893 3402 1000 3458; x_wconf 89' lang='lat' dir='ltr'><strong>est</strong></span> <span class='ocrx_word' id='word_1_243' title='bbox 1028 3392 1345 3472; x_wconf 83' lang='lat' dir='ltr'><strong>editores,</strong></span> <span class='ocrx_word' id='word_1_244' title='bbox 1373 3413 1546 3478; x_wconf 87' lang='lat' dir='ltr'><strong>quos</strong></span> <span class='ocrx_word' id='word_1_245' title='bbox 1573 3401 1815 3460; x_wconf 87' lang='lat' dir='ltr'><strong>nactus</strong></span> <span class='ocrx_word' id='word_1_246' title='bbox 1844 3401 1952 3458; x_wconf 85' lang='lat' dir='ltr'><strong>est</strong></span> <span class='ocrx_word' id='word_1_247' title='bbox 1980 3395 2271 3458; x_wconf 85' lang='lat' dir='ltr'><strong>eximius</strong></span> <span class='ocrx_word' id='word_1_248' title='bbox 2298 3393 2409 3458; x_wconf 90' lang='lat' dir='ltr'><strong>ille</strong></span> <span class='ocrx_word' id='word_1_249' title='bbox 2450 3393 2784 3472; x_wconf 86' lang='lat' dir='ltr'><strong>comicus,</strong></span> 
     </span>
     <span class='ocr_line' id='line_1_31' title="bbox 594 3493 2783 3582; baseline 0.001 -25"><span class='ocrx_word' id='word_1_250' title='bbox 594 3493 959 3560; x_wconf 86' lang='lat' dir='ltr'><strong>admodum</strong></span> <span class='ocrx_word' id='word_1_251' title='bbox 987 3494 1398 3577; x_wconf 82' lang='lat' dir='ltr'><strong>negligenter</strong></span> <span class='ocrx_word' id='word_1_252' title='bbox 1424 3496 1693 3562; x_wconf 90' lang='lat' dir='ltr'><strong>codices</strong></span> <span class='ocrx_word' id='word_1_253' title='bbox 1724 3514 1885 3562; x_wconf 89' lang='lat' dir='ltr'><strong>suos</strong></span> <span class='ocrx_word' id='word_1_254' title='bbox 1904 3495 2369 3582; x_wconf 84' lang='lat' dir='ltr'><strong>descripsisse,</strong></span> <span class='ocrx_word' id='word_1_255' title='bbox 2408 3501 2483 3560; x_wconf 89' lang='lat' dir='ltr'><strong>ut</strong></span> <span class='ocrx_word' id='word_1_256' title='bbox 2509 3513 2783 3580; x_wconf 89' lang='lat' dir='ltr'><strong>compa-</strong></span> 
     </span>
     <span class='ocr_line' id='line_1_32' title="bbox 591 3594 2783 3680; baseline 0.003 -22"><span class='ocrx_word' id='word_1_257' title='bbox 591 3594 766 3659; x_wconf 90' lang='lat' dir='ltr'><strong>ratio</strong></span> <span class='ocrx_word' id='word_1_258' title='bbox 792 3595 1013 3674; x_wconf 88' lang='lat' dir='ltr'><strong>istius,</strong></span> <span class='ocrx_word' id='word_1_259' title='bbox 1039 3615 1211 3662; x_wconf 89' lang='lat' dir='ltr'><strong>nunc</strong></span> <span class='ocrx_word' id='word_1_260' title='bbox 1240 3616 1326 3662; x_wconf 88' lang='lat' dir='ltr'><strong>ex</strong></span> <span class='ocrx_word' id='word_1_261' title='bbox 1353 3598 1671 3676; x_wconf 88' lang='lat' dir='ltr'><strong>tenebris,</strong></span> <span class='ocrx_word' id='word_1_262' title='bbox 1702 3597 1819 3662; x_wconf 90' lang='lat' dir='ltr'><strong>ubi</strong></span> <span class='ocrx_word' id='word_1_263' title='bbox 1857 3597 2076 3664; x_wconf 83' lang='lat' dir='ltr'><strong>adbuc</strong></span> <span class='ocrx_word' id='word_1_264' title='bbox 2104 3597 2419 3674; x_wconf 85' lang='lat' dir='ltr'><strong>latuerat,</strong></span> <span class='ocrx_word' id='word_1_265' title='bbox 2444 3596 2517 3660; x_wconf 86' lang='lat' dir='ltr'><strong>in</strong></span> <span class='ocrx_word' id='word_1_266' title='bbox 2559 3597 2783 3680; x_wconf 83' lang='lat' dir='ltr'><strong>publi-</strong></span> 
     </span>
     <span class='ocr_line' id='line_1_33' title="bbox 593 3696 2779 3784; baseline 0.002 -24"><span class='ocrx_word' id='word_1_267' title='bbox 593 3713 741 3760; x_wconf 87' lang='lat' dir='ltr'><strong>cam</strong></span> <span class='ocrx_word' id='word_1_268' title='bbox 779 3696 998 3762; x_wconf 90' lang='lat' dir='ltr'><strong>lucem</strong></span> <span class='ocrx_word' id='word_1_269' title='bbox 1043 3697 1450 3781; x_wconf 88' lang='lat' dir='ltr'><strong>prodeuntis,</strong></span> <span class='ocrx_word' id='word_1_270' title='bbox 1495 3719 1647 3766; x_wconf 89' lang='lat' dir='ltr'><strong>cum</strong></span> <span class='ocrx_word' id='word_1_271' title='bbox 1678 3699 1833 3766; x_wconf 86' lang='lat' dir='ltr'><strong>aliis</strong></span> <span class='ocrx_word' id='word_1_272' title='bbox 1860 3718 1989 3765; x_wconf 91' lang='lat' dir='ltr'><strong>non</strong></span> <span class='ocrx_word' id='word_1_273' title='bbox 2018 3698 2215 3766; x_wconf 80' lang='lat' dir='ltr'><strong>facile</strong></span> <span class='ocrx_word' id='word_1_274' title='bbox 2243 3699 2503 3764; x_wconf 87' lang='lat' dir='ltr'><strong>institui</strong></span> <span class='ocrx_word' id='word_1_275' title='bbox 2544 3701 2779 3784; x_wconf 84' lang='lat' dir='ltr'><strong>possit.</strong></span> 
     </span>
     <span class='ocr_line' id='line_1_34' title="bbox 593 3796 2783 3885; baseline 0.003 -25"><span class='ocrx_word' id='word_1_276' title='bbox 593 3796 672 3860; x_wconf 89' lang='lat' dir='ltr'><strong>Si</strong></span> <span class='ocrx_word' id='word_1_277' title='bbox 704 3796 1028 3877; x_wconf 65' lang='lat' dir='ltr'><strong>Faernus,</strong></span> <span class='ocrx_word' id='word_1_278' title='bbox 1055 3802 1171 3885; x_wconf 85' lang='lat' dir='ltr'><strong>qui</strong></span> <span class='ocrx_word' id='word_1_279' title='bbox 1199 3802 1450 3884; x_wconf 88' lang='lat' dir='ltr'><strong>primus</strong></span> <span class='ocrx_word' id='word_1_280' title='bbox 1475 3804 1755 3868; x_wconf 88' lang='lat' dir='ltr'><strong>criticen</strong></span> <span class='ocrx_word' id='word_1_281' title='bbox 1782 3803 2175 3872; x_wconf 85' lang='lat' dir='ltr'><strong>adultiorem</strong></span> <span class='ocrx_word' id='word_1_282' title='bbox 2214 3801 2288 3868; x_wconf 90' lang='lat' dir='ltr'><strong>in</strong></span> <span class='ocrx_word' id='word_1_283' title='bbox 2328 3801 2589 3866; x_wconf 89' lang='lat' dir='ltr'><strong>edendo</strong></span> <span class='ocrx_word' id='word_1_284' title='bbox 2615 3801 2783 3868; x_wconf 84' lang='lat' dir='ltr'><strong>Ter-</strong></span> 
     </span>
     <span class='ocr_line' id='line_1_35' title="bbox 592 3898 2779 3988; baseline 0.002 -26"><span class='ocrx_word' id='word_1_285' title='bbox 592 3898 772 3964; x_wconf 89' lang='lat' dir='ltr'><strong>entio</strong></span> <span class='ocrx_word' id='word_1_286' title='bbox 803 3899 1182 3968; x_wconf 84' lang='lat' dir='ltr'><strong>adhibuisse</strong></span> <span class='ocrx_word' id='word_1_287' title='bbox 1211 3901 1473 3982; x_wconf 89' lang='lat' dir='ltr'><strong>dicitur,</strong></span> <span class='ocrx_word' id='word_1_288' title='bbox 1517 3905 1663 3988; x_wconf 87' lang='lat' dir='ltr'><strong>ipse</strong></span> <span class='ocrx_word' id='word_1_289' title='bbox 1714 3904 2077 3970; x_wconf 83' lang='lat' dir='ltr'><strong>editionem</strong></span> <span class='ocrx_word' id='word_1_290' title='bbox 2120 3909 2447 3981; x_wconf 82' lang='lat' dir='ltr'><strong>curasset,</strong></span> <span class='ocrx_word' id='word_1_291' title='bbox 2490 3902 2779 3966; x_wconf 83' lang='lat' dir='ltr'><strong>fortasse</strong></span> 
     </span>
     <span class='ocr_line' id='line_1_36' title="bbox 592 3999 2775 4087; baseline 0.002 -25"><span class='ocrx_word' id='word_1_292' title='bbox 592 3999 676 4062; x_wconf 91' lang='lat' dir='ltr'><strong>de</strong></span> <span class='ocrx_word' id='word_1_293' title='bbox 706 3999 1084 4081; x_wconf 87' lang='lat' dir='ltr'><strong>codicibus,</strong></span> <span class='ocrx_word' id='word_1_294' title='bbox 1113 4003 1358 4087; x_wconf 85' lang='lat' dir='ltr'><strong>quibus</strong></span> <span class='ocrx_word' id='word_1_295' title='bbox 1384 4023 1550 4069; x_wconf 89' lang='lat' dir='ltr'><strong>usus</strong></span> <span class='ocrx_word' id='word_1_296' title='bbox 1582 4013 1716 4083; x_wconf 88' lang='lat' dir='ltr'><strong>est,</strong></span> <span class='ocrx_word' id='word_1_297' title='bbox 1749 4013 2063 4073; x_wconf 82' lang='lat' dir='ltr'><strong>accurate</strong></span> <span class='ocrx_word' id='word_1_298' title='bbox 2084 4005 2444 4071; x_wconf 86' lang='lat' dir='ltr'><strong>retulisset.</strong></span> <span class='ocrx_word' id='word_1_299' title='bbox 2528 4000 2623 4066; x_wconf 88' lang='lat' dir='ltr'><strong>At</strong></span> <span class='ocrx_word' id='word_1_300' title='bbox 2650 4003 2775 4068; x_wconf 93' lang='lat' dir='ltr'><strong>illo</strong></span> 
     </span>
     <span class='ocr_line' id='line_1_37' title="bbox 591 4103 2775 4192; baseline 0.001 -26"><span class='ocrx_word' id='word_1_301' title='bbox 591 4109 854 4166; x_wconf 86' lang='lat' dir='ltr'><strong>mortuo</strong></span> <span class='ocrx_word' id='word_1_302' title='bbox 871 4103 1112 4172; x_wconf 85' lang='lat' dir='ltr'><strong>Petrus</strong></span> <span class='ocrx_word' id='word_1_303' title='bbox 1124 4103 1470 4172; x_wconf 87' lang='lat' dir='ltr'><strong>Victorius</strong></span> <span class='ocrx_word' id='word_1_304' title='bbox 1485 4107 1841 4174; x_wconf 85' lang='lat' dir='ltr'><strong>editionem</strong></span> <span class='ocrx_word' id='word_1_305' title='bbox 1866 4108 2165 4192; x_wconf 84' lang='lat' dir='ltr'><strong>vulgavit</strong></span> <span class='ocrx_word' id='word_1_306' title='bbox 2180 4125 2243 4173; x_wconf 88' lang='lat' dir='ltr'><strong>a.</strong></span> <span class='ocrx_word' id='word_1_307' title='bbox 2262 4103 2453 4168; x_wconf 81' lang='lat'><strong>1565.</strong></span> <span class='ocrx_word' id='word_1_308' title='bbox 2468 4111 2537 4170; x_wconf 87' lang='lat' dir='ltr'><strong>et</strong></span> <span class='ocrx_word' id='word_1_309' title='bbox 2552 4121 2775 4187; x_wconf 90' lang='lat' dir='ltr'><strong>pauca</strong></span> 
     </span>
     <span class='ocr_line' id='line_1_38' title="bbox 590 4201 2775 4294; baseline 0.003 -30"><span class='ocrx_word' id='word_1_310' title='bbox 590 4201 796 4266; x_wconf 88' lang='lat' dir='ltr'><strong>habet</strong></span> <span class='ocrx_word' id='word_1_311' title='bbox 819 4202 904 4269; x_wconf 90' lang='lat' dir='ltr'><strong>de</strong></span> <span class='ocrx_word' id='word_1_312' title='bbox 928 4207 1246 4274; x_wconf 84' lang='lat' dir='ltr'><strong>subsidiis</strong></span> <span class='ocrx_word' id='word_1_313' title='bbox 1273 4208 1582 4276; x_wconf 87' lang='lat' dir='ltr'><strong>literariis</strong></span> <span class='ocrx_word' id='word_1_314' title='bbox 1611 4210 1858 4294; x_wconf 89' lang='lat' dir='ltr'><strong>quibus</strong></span> <span class='ocrx_word' id='word_1_315' title='bbox 1887 4231 2053 4278; x_wconf 89' lang='lat' dir='ltr'><strong>usus</strong></span> <span class='ocrx_word' id='word_1_316' title='bbox 2080 4214 2187 4274; x_wconf 88' lang='lat' dir='ltr'><strong>est</strong></span> <span class='ocrx_word' id='word_1_317' title='bbox 2215 4205 2540 4272; x_wconf 68' lang='lat' dir='ltr'><strong>Faiirnus.</strong></span> <span class='ocrx_word' id='word_1_318' title='bbox 2612 4205 2775 4270; x_wconf 87' lang='lat' dir='ltr'><strong>Lin-</strong></span> 
     </span>
    </p>
   </div>
   <div class='ocr_carea' id='block_1_3' title="bbox 3214 137 3222 864">
    <p class='ocr_par' dir='ltr' id='par_1_5' title="bbox 3214 137 3222 864">
     <span class='ocr_line' id='line_1_39' title="bbox 3214 137 3222 864; baseline 0 0"><span class='ocrx_word' id='word_1_319' title='bbox 3214 137 3222 864; x_wconf 95' lang='lat' dir='ltr'><strong> </strong></span> 
     </span>
    </p>
   </div>
  </div>
 </body>
</html>
