3234 4934
664 408 753 475 82
1021 422 1419 474 oovsANus
1467 422 1566 472 ns
1614 419 1842 473 nums
1893 422 2494 473 sisoAnstrsus.

667 586 800 629 mus
846 564 1197 645 appellatos,
1245 582 1320 623 ex
1362 564 1434 623 eo
1480 562 1719 643 colligo,
1767 564 1930 644 quod
1959 565 2252 626 Asconius
2281 565 2504 639 scribit,
2549 564 2849 629 Romanos

662 662 865 723 Ludos
896 660 1153 741 Magnos
1171 680 1409 739 quoque
1442 660 1744 739 appellari,
1769 658 1928 739 quod
1961 661 2202 740 Magnis
2227 660 2358 720 Diis
2381 672 2551 722 erant
2569 656 2849 725 instituti:

662 778 818 838 quos
846 757 1085 818 eosdem
1112 758 1423 817 Circenses
1452 756 1644 817 dictos
1674 766 1866 836 putat.
1919 757 2094 815 Unde
2123 756 2265 817 illud
2291 758 2542 837 Virgilii,
2573 764 2590 794 ‘
2611 760 2852 839 Magnis

666 854 1042 914 Circensibus
1071 853 1258 912 actis!
1338 852 1473 912 Non
1502 871 1634 913 esse
1671 852 1908 913 eosdem
1956 852 2154 913 Ludos
2201 853 2604 933 Megalenses,
2647 867 2709 915 et
2747 872 2852 915 eos

666 970 817 1029 quos
864 948 1192 1028 Megalesia
1232 948 1504 1021 dicimus,
1546 966 1620 1007 ex
1671 948 1972 1007 Ciceronis
2021 947 2304 1008 Oratione
2331 948 2408 1009 de
2453 948 2851 1028 Haruspicum

666 1048 966 1126 responsis
994 1054 1195 1125 aperte
1221 1044 1573 1123 colligimus,
1617 1046 1718 1103 ubi
1747 1046 2076 1124 Megalesia
2103 1043 2544 1123 Megalensibus
2571 1044 2854 1105 celebrari

668 1142 829 1201 dicit.
912 1142 1107 1199 Verba
1135 1140 1219 1199 sic
1245 1140 1505 1200 habent:
1546 1145 1566 1174 ‘
1598 1140 1754 1199 Nam
1783 1140 1930 1220 quid
1961 1158 2075 1220 ego
2121 1139 2196 1198 de
2240 1140 2352 1200 illis
2401 1140 2581 1199 Ludis
2624 1140 2853 1219 loquar,

668 1256 819 1317 quos
848 1238 907 1296 in
929 1236 1160 1297 Palatio
1188 1238 1370 1309 nostri
1388 1235 1638 1315 majores
1663 1247 1800 1297 ante
1829 1237 2110 1315 templum
2137 1237 2199 1296 in
2227 1236 2358 1317 ipso
2381 1237 2591 1296 Matris
2609 1236 2854 1315 Magnas

668 1343 989 1412 conspectu
1032 1330 1477 1411 Megalensibus
1500 1336 1519 1363 ¹
1572 1331 1698 1390 fieri
1741 1330 2140 1411 celebrarique
2177 1330 2535 1393 voluerunt?
2578 1333 2678 1412 qui
2715 1342 2859 1392 sunt

667 1446 828 1487 more
852 1427 1251 1507 institutisque
1278 1427 1529 1486 maxime
1548 1425 1719 1499 casti,
1749 1426 2047 1498 solennes,
2081 1426 2378 1505 religiosi3
2429 1427 2644 1507 quibus
2673 1426 2856 1486 Ludis

666 1523 917 1601 primum
942 1532 1083 1582 ante
1112 1523 1312 1603 populi
1340 1540 1688 1582 consessum
1717 1522 1960 1581 Senatui
1987 1522 2182 1582 locum
2214 1523 2283 1581 P.
2306 1524 2624 1585 Africanus
2647 1524 2856 1584 iterum

670 1616 897 1677 Consul
924 1618 1023 1677 ille
1052 1616 1253 1695 Major.
1272 1616 1471 1686 deditg
1514 1626 1581 1676 ut
1607 1635 1712 1676 eos
1741 1616 1941 1677 Ludos
1971 1616 2101 1677 haec
2126 1618 2256 1677 lues
2281 1616 2509 1697 impura
2533 1620 2855 1698 polluerett

668 1732 788 1791 quo
818 1711 869 1773 si
897 1712 1029 1792 quis
1058 1712 1207 1773 liber
1232 1721 1337 1773 aut
1360 1711 1674 1791 spectandi
1713 1721 1818 1772 aut
1845 1712 2022 1773 etiam
2049 1712 2350 1793 religionis
2377 1732 2562 1773 causa
2588 1732 2858 1775 accesse-

666 1817 780 1881 rat,
808 1826 1018 1869 manus
1046 1808 1463 1869 afferebantur:
1493 1828 1611 1889 quo
1641 1819 1912 1869 matrona
1937 1807 2104 1868 nulla
2126 1809 2547 1890 adiit,propter
2573 1809 2690 1870 vim
2712 1829 2860 1871 con·

670 1922 1021 1984 sessumque
1044 1924 1365 1966 servorum.
1451 1904 1545 1965 Ita
1571 1904 1770 1966 Ludos
1797 1922 1924 1978 eos,
1951 1924 2201 1984 quorum
2223 1904 2428 1985 religio
2453 1916 2623 1967 tanta
2649 1917 2762 1981 est,
2789 1916 2858 1966 ut

670 2016 746 2059 ex
770 2000 991 2059 ultimis
1024 2001 1185 2060 terris
1216 2001 1501 2061 accersita
1526 2000 1591 2059 in
1618 2000 1734 2061 hac
1760 2002 1907 2061 urbe
1934 2000 2309 2069 consederit;
2358 2001 2546 2078 quiet
2577 2002 2682 2061 uni
2712 2002 2860 2061 Ludi

670 2114 747 2155 ne
774 2097 952 2155 verbo
978 2094 1219 2175 quidem
1244 2095 1619 2175 appellantur
1647 2096 1881 2171 Latino,
1929 2106 1998 2156 ut
2035 2097 2324 2158 vocabulo
2351 2098 2482 2177 ipso
2509 2107 2572 2157 et
2597 2098 2863 2179 appetita

668 2190 875 2269 religio
902 2202 1164 2266 externa,
1186 2200 1248 2253 et
1276 2193 1487 2253 Matris
1502 2193 1748 2272 Magum
1779 2193 2016 2253 nomine
2043 2204 2324 2273 suscepta
2351 2193 2718 2261 declaretur:
2749 2194 2860 2253 hos

672 2287 871 2348 Ludos
904 2290 1054 2349 servi
1081 2289 1366 2362 fecerunt,
1418 2291 1570 2349 servi
1618 2300 2055 2371 spectaverunt,
2105 2298 2231 2349 tota
2257 2289 2512 2368 denique
2536 2290 2653 2349 hoc
2679 2289 2862 2349 AEdili

672 2400 972 2443 servorum
1001 2384 1333 2463 Megalesia
1360 2385 1638 2445 fuerunt!
1719 2384 1998 2445 Extrema
2037 2385 2166 2445 hoec
2193 2386 2370 2445 verba
2395 2384 2702 2445 declarant
2727 2385 2860 2445 illos

675 2477 899 2551 Ludos,
924 2499 1076 2558 quos
1106 2480 1552 2559 Megalensibus
1594 2480 1658 2541 in
1701 2481 1934 2543 Palatio
1959 2483 2020 2541 in
2047 2484 2180 2561 ipso
2210 2481 2420 2541 Matris
2448 2482 2692 2560 Magnoe
2717 2499 2862 2542 con-

676 2583 885 2652 spectu
914 2576 1039 2635 fieri
1064 2576 1300 2637 dicebat
1326 2578 1514 2651 initio,
1562 2597 1696 2639 esse
1739 2578 2109 2656 Megalesia:
2151 2596 2289 2637 nam
2324 2587 2388 2638 et
2432 2578 2630 2637 Livius
2657 2578 2864 2639 scribit

676 2667 764 2727 M.
794 2669 1036 2728 Junium
1064 2670 1307 2731 Brutum
1338 2672 1527 2731 aedem
1558 2673 1801 2749 Magnoe
1852 2673 2032 2732 Matri
2079 2673 2271 2732 Deum
2313 2674 2372 2732 in
2416 2672 2650 2733 Palatio
2693 2673 2861 2732 dedi-

674 2782 866 2837 casse,
894 2774 955 2824 et
977 2764 1197 2839 Ludos,
1223 2768 1298 2826 ob
1322 2786 1452 2825 eam
1475 2766 1907 2827 dedicationem
1925 2766 2136 2841 factos,
2159 2768 2488 2846 Megalesia
2508 2770 2859 2848 appellasse.

678 2859 1055 2937 Megalenses
1096 2880 1271 2939 porro
1299 2860 1470 2934 Ludi,
1513 2861 1634 2921 sive
1665 2846 1939 2935 Romani,
1967 2862 2090 2923 sive
2118 2864 2350 2941 Magni,
2377 2864 2500 2925 sive
2529 2864 2862 2935 Circenses,

675 2953 787 3012 sub
832 2954 1067 3034 regibus
1114 2956 1276 3017 suere
1322 2958 1576 3019 instituti
1600 2978 1615 3017 ε
1661 2958 1996 3039 fiebantque
2039 2960 2149 3020 sub
2197 2959 2427 3021 initium
2468 2960 2684 3021 mensis
2713 2960 2860 3039 Sep-

736 3146 917 3197 *Quod
932 3146 1185 3197 Antonius
1206 3149 1731 3213 GoveanusaMega·
1809 3158 1892 3201 tar
1931 3151 2162 3215 pluribus
2203 3152 2536 3215 argumentis.
2609 3152 2749 3202 Tota
2779 3164 2862 3200 res

672 3218 901 3269 lensibus
933 3222 1223 3285 Megalesia
1256 3223 1593 3286 distinguere,
1613 3226 1730 3275 Me·
1810 3240 1912 3273 uno
1951 3226 2109 3274 verbo
2143 3225 2329 3276 confici
2370 3232 2561 3289 potest.
2625 3228 2779 3288 Nam,
2823 3226 2866 3274 si

674 3294 905 3357 galenses
926 3301 1099 3344 autem
1118 3296 1326 3345 eosdem
1346 3312 1463 3346 cnm
1488 3300 1728 3349 Romanis
1809 3300 1945 3349 Ludi
2018 3300 2346 3362 Megalenses
2407 3301 2866 3352 committebantur

673 3366 851 3419 facere
874 3370 1049 3447 volui-t,
1079 3385 1225 3435 aeque
1256 3372 1311 3421 in
1332 3380 1555 3439 utroque
1568 3372 1728 3426 falsus
1807 3374 1976 3436 pridie
1997 3373 2076 3422 Id.
2116 3372 2285 3437 April.
2308 3380 2366 3425 ut
2386 3390 2453 3425 ex
2473 3376 2618 3426 Livio
2639 3385 2866 3440 constat,

674 3449 773 3494 est.
839 3443 1101 3494 Ciceronis
1128 3460 1197 3496 ex
1234 3446 1489 3498 Oratione
1526 3448 1595 3499 de
1636 3450 1732 3499 Re-
1811 3447 1946 3497 Ludi
1969 3455 2142 3497 autem
2181 3447 2397 3497 Romani
2433 3451 2602 3514 pridie
2635 3452 2860 3503 Kalend.

674 3519 875 3581 sponsis
898 3520 1247 3586 Haruspicum
1273 3524 1443 3573 locum
1466 3524 1600 3576 citat
1622 3525 1731 3575 Go-
1812 3524 1961 3587 Sept.
1979 3520 2041 3573 'ut
2065 3538 2094 3572 e
2128 3523 2298 3587 priore
2333 3523 2537 3575 actione
2573 3526 2626 3576 in
2647 3527 2864 3579 Verrem

670 3606 902 3643 vennas:
938 3601 994 3646 et
1014 3610 1081 3645 ex
1114 3612 1179 3647 eo
1216 3598 1435 3663 colligit,
1476 3616 1510 3649 a
1548 3600 1732 3665 Mega·
1811 3598 2172 3661 cognoscitur3
2193 3600 2310 3664 quis
2331 3606 2412 3650 est
2434 3615 2594 3667 usque
2611 3616 2674 3653 eo
2688 3602 2866 3668 bobes,

671 3668 897 3720 lensibus
936 3672 1038 3723 alia
1078 3688 1195 3724 esse
1238 3676 1558 3741 Megalesia:
1590 3680 1732 3745 quod
1810 3675 1898 3739 qui
1919 3689 2020 3725 ¹³0⁸
2043 3676 2239 3739 Viden,
2262 3683 2322 3727 ut
2353 3676 2512 3729 fidem
2543 3679 2649 3730 tint
2685 3680 2866 3746 Meg!-

672 3746 863 3797 Cicero
884 3746 1167 3812 Megalesia
1188 3752 1577 3815 Megalensibus
1595 3757 1731 3806 cele·
1810 3748 1980 3799 lemess
2014 3756 2069 3799 et
2105 3748 2322 3800 Romani
2372 3746 2512 3803 nullo
2554 3754 2708 3806 modo
2751 3756 2867 3807 fieri

670 3820 815 3872 brari
836 3824 991 3874 solita
1010 3824 1173 3876 dieat.
1223 3828 1435 3878 Deinde
1458 3827 1616 3880 tradit
1631 3831 1730 3881 Lu·
1810 3826 1994 3889 posue?
2057 3826 2172 3889 Ego
2223 3840 2366 3890 vero,
2409 3841 2476 3877 ne
2515 3828 2682 3881 dicam
2727 3832 2864 3894 dolo,

672 3896 767 3947 dos
789 3897 1113 3962 Megalenses
1133 3902 1341 3952 eosdem
1360 3918 1491 3963 esse,
1516 3906 1604 3969 qui
1618 3906 1731 3956 Cir·
1811 3914 1991 3950 vocem
2013 3900 2168 3965 illam,
2201 3902 2565 3967 Megalensibus,
2595 3918 2626 3953 e
2654 3904 2863 3957 Cicero·

668 3988 874 4039 censes,
900 3976 1140 4041 Romani,
1176 3979 1359 4041 Magni
1384 3982 1732 4032 nominantur.
1807 3976 1892 4027 nis
1913 3978 2030 4027 loco
2049 3984 2103 4027 et
2124 3978 2519 4042 expungendam
2562 3987 2707 4043 puto,
2741 3988 2796 4032 et
2829 3996 2860 4035 e

672 4052 805 4103 Quas
829 4067 947 4101 cum
969 4053 1121 4117 dicit,
1148 4069 1251 4104 non
1274 4054 1660 4115 animadvertit,
1678 4056 1731 4105 in
1811 4053 2122 4116 glossemate
2153 4054 2326 4118 aliquo
2363 4054 2418 4103 in
2447 4054 2678 4105 ordinem
2713 4056 2863 4107 Cice-

676 4141 827 4190 quam
850 4128 1086 4181 difficiles
1111 4144 1226 4181 sese
1265 4145 1435 4181 rerum
1469 4132 1730 4183 absurdis·
1809 4132 1948 4183 ronis
1988 4133 2263 4185 verborum
2309 4134 2579 4201 irrepsisse
2613 4136 2863 4201 suspicor.

675 4200 915 4254 simarum
937 4206 1145 4271 laqueos
1164 4204 1393 4258 inducat.
1462 4207 1580 4257 Non
1604 4207 1728 4257 abu·
1809 4209 1946 4261 Mur.
