3234 4934
594 415 657 462 Ρ.
704 411 1069 462 ΤΕΒΒΝΤΠ
1117 413 1297 463 ABR!
1348 413 1423 462 ΙΝ
1476 413 1840 462 ΑΝΒΒῙΑΜ
1889 414 2305 465 PROLOGUS.

2472 399 2606 466 273

1008 652 1940 729 'PROLOGUS.÷

413 803 721 904 Pon-m,
754 849 903 893 cum
936 830 1227 912 primum
1255 831 1545 894 animum
1574 829 1661 892 ad
1693 829 2112 894 scribendum
2144 828 2431 912 appulit,

415 929 497 996 Id
531 931 665 992 sibi
695 930 917 1011 negoti
947 932 1231 996 credidit
1262 931 1483 995 solum
1514 929 1688 1007 dari,

412 1030 678 1114 Populo
707 1037 783 1094 ut
808 1031 1175 1113 placerent,
1206 1051 1381 1115 quas
1408 1032 1675 1096 fecisset
1701 1031 1985 1096 fabulas·

409 1131 662 1196 Verum
693 1132 886 1195 aliter
915 1135 1179 1221 evenire
1210 1135 1420 1199 multo
1448 1133 1798 1215 intelligit:

410 1233 590 1298 Nam
621 1233 689 1296 in
720 1233 1012 1316 prologis
1040 1235 1419 1300 scribundis
1451 1239 1720 1318 operam
1752 1235 2042 1298 abutitur
2069 1254 2087 1314 ;
2560 1235 2604 1298 5

478 1427 599 1476 Cum
618 1427 820 1498 privtum
844 1427 1087 1477 Terentius
1107 1425 1263 1478 Po's‘tu
1281 1427 1489 1478 animum
1506 1427 1736 1489 applicuit
1757 1427 1820 1474 ad
1833 1425 2084 1488 faciendus
2107 1425 2382 1483 Comoedias,
2405 1423 2608 1477 credidit

408 1489 535 1538 hanc
553 1491 646 1540 sibi
669 1495 853 1540 tautam
873 1489 1077 1540 laborem
1094 1493 1289 1554 imponi,
1309 1497 1363 1539 ut
1387 1491 1652 1554 Comedus,
1683 1505 1797 1553 quas
1817 1489 2031 1550 fecisset,
2061 1492 2280 1554 populum
2296 1491 2606 1538 delectarent.-

410 1567 571 1604 σει-κω
592 1556 947 1620 animaduertit,
970 1558 1114 1605 multo
1134 1556 1275 1604 aliter
1292 1570 1431 1619 quan·
1447 1561 1702 1618 putat-erut
1720 1555 1909 1604 evenire
1923 1571 1942 1604 .-
1973 1569 2082 1604 num
2103 1556 2154 1604 iu
2171 1555 2381 1618 pulegis
2401 1553 2606 1602 scriben-

1625 1685 1712 1719 u.

476 1802 571 1868 'st
602 1803 769 1854 Notas
808 1805 1165 1868 Bentleianss,
1201 1821 1328 1870 quas
1352 1806 1403 1855 in
1426 1806 1505 1856 his
1526 1807 1645 1856 VV.
1669 1805 1772 1855 LL.
1797 1804 1863 1854 ad
1886 1803 2136 1854 Andrium
2181 1803 2457 1865 inveneris,
2492 1817 2522 1852 e
2548 1801 2608 1852 Ζ.

410 1865 523 1917 fere
546 1869 883 1918 extraximus.
949 1868 1011 1919 Id
1032 1871 1240 1934 quidem
1262 1869 1501 1932 fecimus,
1538 1880 1596 1921 ut
1633 1869 1876 1919 brevitati
1913 1870 2311 1918 consuleremus.
2374 1867 2468 1931 At,
2488 1881 2606 1917 cum

412 1932 642 1981 Bentleii
665 1930 817 1982 farum
840 1940 897 1983 et
920 1948 1055 1982 verse
1079 1935 1259 1983 harum
1280 1935 1395 1984 VV.
1417 1935 1524 1983 m..
1548 1933 1768 1983 utilitati
1792 1933 1877 1982 vix
1900 1934 1996 1982 hac
2018 1933 2216 1982 ratione
2239 1933 2367 1982 satis
2409 1931 2608 1981 factum

410 2004 599 2058 postea
622 1996 906 2058 videretur,
928 1996 1134 2046 tandem
1159 1995 1509 2061 judicavimus
1529 1997 1582 2046 in
1604 1997 1760 2046 variis
1783 2004 2076 2046 ceterarum
2100 1995 2405 2046 Fabularum
2430 1996 2612 2046 lectio·

412 2059 560 2108 nibus
586 2060 906 2124 exponendis
930 2061 1083 2125 paulo
1108 2059 1313 2125 quidem
1338 2059 1642 2124 longiorem,
1675 2067 1734 2108 at
1757 2067 1901 2109 certe
1933 2059 2094 2122 magis
2130 2059 2303 2116 fidam,
2339 2059 2524 2110 Faerni
2549 2075 2611 2108 ac

412 2121 638 2198 B'entleii
664 2125 919 2174 Natarum
940 2123 1840 2217 1:24»itomen·exbib·endam.—9uam
1863 2123 2115 2200 rationem
2139 2123 2314 2199 inierit
2335 2123 2449 2186 ipse
2471 2123 2607 2172 Zeu·

396 2189 1483 2324 ,3¹:¹31amitti„33:⁸33?th
1503 2187 2380 2302 nituiaeoffe‘lssss‘iiisslh'zzfflz‘
2408 2193 2609 2300 «Ψῖἱῖ

412 2315 603 2365 tionum
626 2317 945 2368 auctoritate
968 2317 1318 2368 confirmando
1340 2331 1551 2380 operam
1579 2316 1784 2366 dedisse
1805 2331 1822 2375 ς
1855 2315 1920 2365 ab
1959 2330 2050 2364 usu
2073 2315 2224 2378 hujus
2247 2315 2489 2364 editionis
2508 2316 2606 2364 cri-

410 2380 532 2440 tico,
550 2383 840 2443 praesertim
862 2397 980 2431 cum
1002 2384 1179 2432 multae
1204 2381 1572 2444 Lindenbrogii
1610 2389 1747 2431 nota·
1789 2379 2010 2429 eundem
2047 2386 2308 2442 spectent,
2345 2394 2446 2429 non
2482 2381 2610 2428 alie-

410 2457 531 2492 num
556 2444 699 2506 duxi,
723 2445 913 2510 ubique
936 2447 1205 2511 utriusque
1232 2447 1326 2496 viri
1352 2445 1667 2495 sententiam
1689 2445 2006 2509 adjungere3
2044 2442 2155 2507 sed,
2178 2457 2242 2492 ne
2262 2444 2398 2493 liber
2417 2445 2606 2506 magni·

409 2507 595 2557 tudine
616 2515 675 2558 et
694 2510 1001 2561 scholiorum
1026 2513 1167 2560 nube
1188 2512 1433 2560 molestus
1454 2511 1754 2570 lectoribus,
1789 2517 1846 2558 et
1865 2507 2004 2558 forte
2065 2509 2200 2558 retio
2223 2507 2506 2558 emtoribus
2531 2509 2606 2556 ln-

412 2571 711 2622 commodus
730 2575 1001 2636 existeret,
1025 2576 1121 2625 boc
1144 2581 1557 2636 temperamento
1590 2588 1704 2623 sum
1741 2587 1884 2634 usus,
1921 2580 1982 2622 ut
2038 2586 2128 2622 ere
2163 2573 2333 2621 verbis
2357 2573 2502 2634 meis,
2540 2572 2608 2621 ad

410 2649 523 2686 rom
544 2635 775 2700 brevius,
795 2638 937 2688 salva
960 2639 1357 2703 perspicuitate,
1381 2637 1790 2702 significandam,
1810 2637 2080 2700 utriusque
2101 2636 2200 2686 viri
2221 2639 2532 2688 seutentiam
2556 2637 2608 2686 iu

414 2700 774 2762 compendium
792 2703 1099 2765 redigerem,
1118 2709 1175 2753 et
1198 2703 1284 2752 uni
1308 2703 1500 2752 nomini
1524 2701 1807 2752 tribuerem
1830 2699 2090 2761 Bentleii;
2125 2701 2257 2750 adeo
2279 2708 2338 2751 ut
2360 2702 2513 2764 eopia
2534 2702 2608 2751 lo·

415 2778 591 2814 corum
614 2765 823 2824 omissa,
844 2774 901 2816 et
920 2765 1196 2820 verborum
1216 2765 1654 2830 formularnmque
1694 2765 1995 2829 ambagibus
2032 2763 2286 2815 detractis
2322 2772 2378 2814 et
2411 2766 2608 2816 crebris

410 2828 643 2892 ejusdem
682 2831 759 2880 rei
796 2831 1192 2895 repetitionibus
1228 2831 1425 2890 vitatis,
1462 2830 1588 2880 nihil
1627 2829 1724 2878 nisi
1761 2830 2038 2879 sententiae
2065 2837 2607 2892 argumentorumque,

412 2893 523 2942 sive
546 2907 575 2941 a
596 2894 833 2945 codicum
856 2896 1184 2955 auctoritate,
1200 2896 1310 2944 sive
1332 2896 1485 2944 metri
1504 2895 1725 2956 legibus,
1745 2893 1852 2942 sive
1869 2892 2112 2956 loquendi
2137 2907 2252 2952 usu,
2273 2901 2326 2942 et
2347 2893 2608 2954 elegantia

414 2959 664 3068 scazonis
686 2966 993 3021 sumturum,
1014 2974 1259 3009 summam
1295 2957 1636 3022 spectandam
1675 2956 2092 3021 sequendumque
2131 2957 2256 3006 mihi
2288 2971 2400 3006 esse
2435 2958 2612 3007 existi-

410 3035 525 3068 mar
558 3035 628 3070 m.

475 3088 509 3133 Β
542 3085 745 3148 Negoeii
763 3087 855 3136 ΒΓ.
886 3086 1085 3137 Pareus
1107 3084 1381 3149 distinguit
1400 3085 1511 3134 duri
1534 3085 1734 3147 Populo,
1752 3089 1806 3133 ut
1821 3100 1839 3134 .·
1871 3083 2081 3134 damnat
2103 3083 2364 3134 west—6
2402 3085 2609 3146 Operam

413 3149 555 3212 vulg.
579 3157 635 3198 at
658 3151 783 3200 Par.
821 3165 888 3200 ex
926 3151 1062 3201 Pau.
1099 3164 1258 3214 opera.
1302 3150 1503 3200 Perlet.
1575 3149 1736 3212 Opere
1768 3161 1972 3213 quoque
2011 3161 2128 3198 esse
2165 3148 2220 3196 in
2258 3147 2412 3197 Bodl.
2454 3152 2610 3198 notat

1397 3310 1447 3360 N
1454 3309 1611 3361 01·AE

476 3421 499 3468 t
514 3413 768 3478 Prologus]
788 3417 883 3466 Est
899 3417 1087 3479 oratio,
1099 3430 1216 3482 quae
1233 3417 1298 3466 ad
1316 3431 1467 3482 spec·
1549 3417 1804 3482 Prologus
1833 3423 1916 3466 est
1944 3415 2299 3480 anaphoricus,
2337 3416 2447 3466 sive
2477 3418 2606 3467 rela-

412 3496 581 3540 tantes
604 3498 725 3541 ante
745 3490 975 3542 fabulam
995 3491 1249 3542 babetur:
1283 3497 1467 3557 estque

414 3565 497 3614 vel
514 3566 981 3629 commendatitias,
1003 3567 1084 3616 vel
1096 3567 1365 3629 relativus,
1384 3566 1469 3616 vel

415 3641 876 3705 argumentativus,
914 3643 998 3692 vel
1036 3643 1241 3693 mixtus.
1315 3641 1466 3691 Com·

414 3717 749 3766 mendatitius
802 3725 902 3781 est,
970 3733 1074 3784 quo
1141 3717 1323 3769 fabula
1382 3718 1467 3766 vel

414 3793 585 3844 Poeta
614 3792 1031 3843 commendatur:
1082 3794 1327 3844 relativus
1360 3793 1467 3843 sive

411 3869 749 3934 anaphoricus
790 3876 890 3931 est,
926 3884 1028 3935 quo
1064 3870 1343 3918 maledicta
1377 3869 1470 3918 ad·

411 3947 661 4010 versario,
684 3953 777 3997 aut
795 3947 979 4011 gratiae
1008 3948 1201 4011 populo
1232 3947 1467 3997 referun-

410 4029 530 4073 tur:
577 4025 1033 4086 argumentativus,
1068 4024 1176 4073 sive
1213 4023 1467 4088 hypothe-

414 4099 548 4148 ticus
592 4108 694 4161 est,
740 4113 841 4163 quo
886 4103 1239 4163 argumentum
1276 4098 1469 4151 fabula

411 4181 683 4224 narratur:
720 4175 910 4224 mixtus
942 4182 1044 4237 est,
1074 4175 1161 4238 qui
1199 4173 1349 4238 plura
1378 4175 1469 4226 lio-

416 4262 529 4298 rum
568 4257 657 4299 aut
693 4251 866 4299 omnia
887 4250 939 4298 in
974 4263 1031 4299 se
1059 4249 1312 4301 continet.
1366 4249 1470 4300 Hie

490 4333 497 4342 '
547 4328 727 4391 Delph.
748 4335 797 4377 et
822 4331 935 4380 Ver.
957 4331 1084 4379 Clas.

1550 3492 1708 3556 tivns,
1742 3491 2096 3543 defensionem
2140 3493 2321 3543 Poeta
2362 3493 2605 3544 adversus

1536 3569 1912 3619 malevolorum
1927 3570 2283 3619 accusationes
2302 3569 2605 3633 suscipiens.

1613 3649 1640 3694 1
1678 3643 2223 3708 AppulitJ·-Appellere
2257 3645 2467 3708 proprie
2505 3651 2606 3708 est,

1548 3733 1615 3769 ex
1651 3721 1756 3768 alto
1789 3720 1916 3769 mari
1947 3720 2000 3768 in
2033 3725 2236 3783 portum
2272 3719 2481 3769 invehi:
2519 3721 2605 3770 cui

1549 3796 1864 3846 contrarium
1893 3802 1972 3845 est
2003 3795 2220 3858 solvere,
2255 3809 2370 3847 curn
2395 3793 2604 3845 funibus

1548 3871 1729 3920 solutis
1747 3871 1894 3920 navis
1918 3885 1950 3920 e
1974 3878 2127 3934 portu
2149 3871 2392 3923 discedit.

1610 3951 1642 3993 5
1681 3945 2136 4010 Opnmamnnr]
2168 3947 2418 3996 Abutitur
2434 3947 2604 4010 prolo-

1550 4035 1618 4086 go
1640 4023 1931 4091 Terentius,
1964 4024 2201 4088 quoniam
2231 4037 2334 4074 non
2373 4023 2606 4086 explieat

1546 4105 1925 4161 argumentum,
1959 4098 2097 4168 quod
2135 4112 2259 4147 vere
2295 4099 2492 4161 prologi
2523 4108 2605 4149 est

1547 4171 1800 4236 officium;
1857 4174 1948 4224 sed
1985 4173 2266 4238 respondet
2314 4175 2603 4239 malevolis,

1548 4251 1736 4314 quibus
1755 4249 1884 4302 facit
1905 4249 2170 4300 invidiam.

1460 4330 1647 4380 Terent.
2435 4330 2470 4380 s
