3234 4934
1352 356 1451 409 ns
1496 358 1799 409 urz-rme.
2539 348 2669 417 125

490 514 723 559 monem
750 508 1157 581 corruperunt,
1196 499 1339 561 dum
1366 500 1543 563 aliam
1566 520 1772 564 vocem
1816 520 1925 582 pro
1971 500 2088 564 alia
2131 500 2468 581 subjiciunt,
2508 502 2672 583 quod

486 593 728 653 nimium
777 614 938 675 soepe
986 615 1099 655 usu
1142 596 1301 657 venit
1342 598 1571 669 scribis,
1614 599 1677 657 in
1723 598 2060 661 auctoribus
2105 598 2314 659 soluta
2357 598 2672 673 dictionis:

488 687 635 748 dum
682 688 910 752 addunt
956 702 1135 770 atque
1160 690 1460 754 adimunt:
1508 694 1650 755 dum
1693 697 2004 757 verborum
2051 692 2350 753 invertunt
2386 692 2670 754 ordinem.

488 782 773 844 Nonnihil
809 786 987 853 etiam
1014 786 1112 847 hic
1138 797 1461 866 peccarunt
1485 789 1716 863 eruditi,
1758 791 1882 869 qui,
1923 788 2066 851 dum
2093 789 2415 849 carminum
2455 808 2675 869 genera

487 877 867 959 distinguunt
910 900 983 941 ac
1030 881 1431 955 dimetiuntur,
1487 903 1698 963 parum
1751 886 1984 957 attenti,
2033 884 2448 963 interjecerunt
2494 886 2675 946 verba

487 975 785 1051 quaedam,
826 987 896 1038 nt
921 978 1227 1057 explerent
1248 996 1453 1039 versus
1494 978 1742 1051 hiatum,
1784 988 1892 1039 aut
1916 990 2297 1041 resecuerunt
2321 978 2484 1057 quod
2509 979 2676 1042 vide-

484 1069 660 1130 batur
684 1092 1017 1151 superesse.
1097 1073 1346 1135 Videtur
1372 1085 1569 1135 autem
1596 1075 1794 1136 studio
1821 1076 2042 1137 factum
2069 1094 2108 1135 a
2133 1075 2425 1149 Terentio,
2457 1084 2526 1135 ut
2551 1074 2675 1136 dis-

486 1167 763 1229 simulato
790 1171 1047 1230 carmine
1075 1189 1253 1249 quam
1280 1172 1541 1249 proxime
1573 1170 1886 1231 accederet
1920 1171 1998 1231 ad
2027 1171 2352 1233 orationem
2379 1171 2634 1232 solutam
2653 1192 2672 1231 z

485 1262 647 1340 quod
678 1262 837 1323 idem
875 1264 1190 1327 affectasse
1214 1264 1446 1327 videtur
1472 1266 1755 1326 Horatius
1782 1266 1847 1326 in
1857 1268 2252 1328 -Sermonibus
2282 1274 2344 1327 et
2369 1267 2676 1347 Epistolis.

486 1355 647 1418 Hinc
674 1370 843 1419 tanta
868 1360 929 1420 in
956 1360 1313 1420 dimetiendo
1352 1360 1694 1432 difficultas,
1745 1370 1812 1421 ut
1858 1361 2181 1423 existimem
2227 1362 2421 1440 ipsum
2465 1363 2674 1423 Dona-

482 1462 632 1527 tum,
671 1467 778 1515 aut
803 1456 1147 1529 Cornutum,
1176 1465 1281 1515 aut
1306 1455 1620 1535 Asperum,
1657 1455 1710 1516 si
1735 1456 2018 1528 viverent,
2060 1457 2118 1515 in
2146 1455 2294 1516 locis
2325 1456 2550 1535 aliquot
2577 1456 2674 1519 vel

482 1548 775 1623 hoesuros,
814 1552 907 1613 vel
955 1551 1107 1611 inter
1152 1570 1218 1611 se
1267 1550 1660 1613 dissensuros.
1755 1553 2012 1613 Proinde
2062 1570 2172 1613 nos
2219 1552 2674 1631 quatriduanam

484 1644 738 1724 opellam
785 1648 1122 1719 sumsimus,
1162 1657 1233 1708 ut
1256 1647 1736 1709 adolescentulis
1783 1648 2042 1727 aliquam
2087 1647 2262 1727 hujus
2307 1647 2676 1709 difficultatis

483 1752 708 1820 partem
736 1742 1151 1816 adimeremus‚
1202 1762 1321 1804 non
1352 1744 1587 1824 quidem
1616 1746 1680 1804 in
1705 1765 1909 1806 omnes
1941 1744 2220 1815 Fabulas,
2263 1743 2370 1803 sed
2403 1746 2463 1802 in
2492 1758 2672 1803 unam

482 1849 790 1917 perpetuo,
818 1848 879 1901 et
906 1840 965 1898 in
994 1841 1205 1902 ceteris
1250 1842 1497 1920 carptim
1524 1863 1539 1902 ε
1583 1860 1703 1920 quo
1731 1860 1842 1902 ceu
1869 1841 1972 1900 filo
1998 1840 2186 1919 adjuti
2218 1858 2352 1900 sese
2379 1838 2612 1899 facilius
2641 1859 2674 1899 e

481 1935 697 1995 ceteris
722 1936 1015 2015 explicent
1039 1936 1405 2016 labyrinthis.
1489 1939 1788 1998 Constant
1829 1948 2028 1997 autem
2069 1936 2246 2014 hujus
2291 1936 2534 1995 Fabulae
2579 1935 2672 1995 his

482 2028 666 2090 ferme
692 2041 1007 2091 metrorum
1056 2032 1391 2111 generibus.
1473 2032 1734 2092 Iambico
1781 2033 2066 2102 trimetro,
2104 2031 2207 2107 qui
2251 2039 2313 2089 et
2341 2031 2555 2089 senarii
2581 2030 2675 2089 di·

482 2136 697 2187 cuntur
722 2145 760 2186 a
780 2146 1023 2188 numero
1048 2128 1289 2207 pedum.
1346 2127 1604 2187 iambico
1627 2136 1987 2200 tetrametro,
2008 2124 2111 2204 qui
2133 2126 2208 2184 ab
2230 2124 2360 2184 aliis
2377 2124 2676 2203 quadrati,

484 2222 559 2281 ab
586 2222 717 2282 aliis
744 2223 1033 2283 octonarii
1060 2225 1334 2285 dicuntur
1358 2244 1374 2283 ε
1399 2234 1830 2284 monometrum
1859 2240 1932 2282 ac
1959 2221 2266 2281 dimetrum
2294 2240 2425 2280 raro
2453 2220 2674 2298 interji-

480 2316 651 2379 citur.
734 2318 805 2376 In
850 2318 965 2379 hoc
1015 2322 1229 2398 genere
1275 2319 1484 2398 quovis
1529 2319 1664 2379 loco
1707 2336 1813 2397 pro
1861 2317 2058 2376 iambo
2103 2314 2273 2395 ponit
2313 2312 2672 2392 tribrachyn,

482 2414 851 2493 spondaeum,
878 2413 1203 2496 dactylum,
1226 2421 1615 2493 anapaestum,
1638 2411 1816 2471 modo
1840 2411 2022 2471 totius
2044 2408 2318 2471 carminis
2347 2406 2674 2487 penultima

482 2510 713 2589 syllaba
740 2512 817 2571 sit
842 2511 1053 2571 brevis.
1140 2509 1445 2590 Siquidem
1472 2509 1533 2567 in
1560 2509 1678 2569 hoc
1708 2527 1916 2567 versu:
1959 2514 1976 2542 ‘
2003 2506 2248 2566 Nullum
2277 2514 2374 2565 est
2387 2503 2516 2582 jam
2543 2502 2672 2565 dic-

481 2612 628 2678 tum,
670 2605 831 2686 quod
872 2626 993 2667 non
1036 2606 1259 2668 dictum
1302 2607 1382 2665 sit
1421 2605 1584 2684 prius
1608 2605 1646 2664 ι’
1685 2622 1891 2665 omnes
1919 2600 2193 2684 spondaei
2222 2610 2384 2672 sunt,
2421 2608 2672 2679 excepto

481 2702 710 2774 ultimo,
738 2703 908 2782 cujus
936 2704 1169 2781 generis
1196 2712 1257 2761 et
1284 2702 1431 2762 alios
1455 2702 1684 2781 aliquot
1701 2700 1979 2780 reperias.
2050 2697 2316 2758 Eandem
2343 2696 2676 2755 libertatem

482 2801 663 2861 sumit
686 2801 747 2859 in
774 2798 1089 2859 trochaicis
1116 2798 1473 2859 tetrametris
1498 2795 1883 2867 catalecticis,
1927 2796 2072 2855 satis
2120 2794 2348 2855 habens
2393 2793 2444 2852 si
2487 2792 2674 2852 totius

480 2894 759 2955 carminis
785 2893 1108 2973 penultima
1134 2892 1214 2952 sit
1238 2892 1457 2952 brevis.
1538 2889 1696 2950 Illud
1724 2902 1923 2950 tamen
1950 2888 2168 2966 ubique
2193 2899 2453 2958 cavetur,
2481 2907 2557 2946 ne
2579 2888 2676 2946 vel

484 2988 780 3051 trochaeus
820 2986 1185 3067 ing-rediatur
1224 2986 1539 3045 iambicum
1586 3002 1846 3054 carmen,
1889 2982 1980 3041 vel
2033 2982 2262 3040 iambus
2293 2980 2674 3039 trochaicum.

484 3089 809 3150 lumbicum
856 3094 1257 3145 tetrametrum
1300 3079 1593 3141 interdum
1637 3080 1698 3139 in
1741 3078 1861 3137 fine
1900 3074 2205 3137 fraudatur
2254 3092 2376 3133 una
2425 3073 2674 3153 syllaba,

480 3184 775 3267 producta
810 3178 1155 3262 penultima,
1194 3176 1427 3258 quoties
1470 3173 1722 3236 iambico
1765 3172 2015 3233 dimetro
2045 3169 2426 3231 acatalectico
2453 3169 2675 3229 accini-

480 3291 588 3343 tur.
604 3280 849 3339 dimeter
876 3276 1279 3337 catalecticus.
1362 3271 1560 3331 Veluti
1598 3270 1672 3342 si,
1713 3276 1732 3303 ‘
1750 3270 1875 3347 jam
1905 3267 2056 3327 lucis
2083 3276 2214 3328 orto
2241 3265 2476 3337 sidere,'
2517 3265 2674 3325 acci-

482 3396 591 3437 nas
634 3383 653 3411 ‘
676 3376 886 3435 Cultor
934 3372 1049 3433 Dei
1092 3367 1425 3431 memento-⁹
1505 3364 1862 3443 Quanquam
1911 3362 1974 3421 in
2019 3361 2133 3421 hoc
2179 3379 2415 3442 quoque
2459 3379 2676 3439 genere

484 3482 819 3551 usurpatur,
848 3488 983 3529 cum
1010 3465 1359 3536 communis,
1385 3462 1460 3522 de
1489 3480 1611 3541 qua
1640 3460 1866 3537 dictum
1887 3466 2000 3529 est,
2022 3456 2381 3516 comicorum
2409 3453 2672 3523 libertas,

486 3578 611 3627 tum
640 3552 742 3626 illa
770 3563 1099 3643 peculiaris,
1126 3560 1287 3640 quod
1312 3578 1419 3639 pro
1449 3556 1776 3638 penultima
1803 3555 1984 3634 longa
2011 3551 2180 3631 ponit
2204 3549 2498 3611 interdum
2519 3548 2672 3609 duas

484 3664 715 3723 breves.
798 3658 1143 3738 Exemplum
1188 3667 1283 3716 est
1326 3655 1389 3714 in
1418 3664 1586 3714 actus
1616 3650 1811 3731 quarti
1839 3667 2022 3709 scena
2047 3646 2314 3708 secunda
2339 3643 2672 3723 (Andrioe):

486 3766 503 3795 ⁸
528 3759 666 3819 Jam
692 3755 794 3815 ubi
832 3754 933 3813 ubi
978 3753 1109 3823 erit,
1148 3751 1449 3811 inventum
1492 3748 1599 3808 tibi
1637 3747 1880 3817 curabo,
1929 3754 1994 3807 et
2031 3762 2262 3804 mecum
2289 3740 2613 3802 adductum
2636 3740 2674 3798 :’

484 3854 581 3917 hic
607 3851 937 3934 penultima
975 3846 1266 3929 producta
1305 3855 1418 3905 est.
1500 3844 1748 3917 Ibidem,
1790 3846 1806 3875 ‘
1834 3841 2019 3902 Orare
2054 3838 2260 3919 jussit,
2302 3836 2354 3898 si
2398 3855 2464 3895 se
2491 3852 2672 3905 ames,

486 3951 648 4023 hera,
690 3949 815 4029 jam
859 3946 936 4006 ad
983 3962 1113 4005 sese
1144 3939 1388 4003 venias!
1466 3941 1640 4013 Item,
1681 3945 1698 3973 ‘
1724 3936 1896 3997 Hanc
1926 3935 2202 4017 expetivi,
2228 3931 2498 4010 contigit,
2527 3945 2670 3988 con·

486 4047 733 4107 veniunt
758 4061 969 4113 mores,
989 4039 1229 4099 valeant
1247 4037 1281 4098 ε’
1307 4038 1367 4096 in
1394 4035 1487 4096 his
1514 4054 1624 4115 pro
1649 4033 1975 4113 penultima
2001 4031 2185 4110 longa
2211 4037 2508 4107 ponuntur
2532 4024 2669 4085 duoe

488 4142 717 4203 breves.
799 4139 927 4200 Hos
974 4154 1182 4197 versus
1228 4134 1405 4195 etiam
1454 4140 1760 4193 scazontes
1803 4127 2126 4208 appellant.
2225 4124 2334 4184 Est
2381 4119 2672 4183 scazontis
