<?xml version="1.0" encoding="UTF-8"?>
<!DOCTYPE html PUBLIC "-//W3C//DTD XHTML 1.0 Transitional//EN"
    "http://www.w3.org/TR/xhtml1/DTD/xhtml1-transitional.dtd">
<html xmlns="http://www.w3.org/1999/xhtml" xml:lang="en" lang="en">
 <head>
  <title>
</title>
<meta http-equiv="Content-Type" content="text/html;charset=utf-8" />
  <meta name='ocr-system' content='tesseract 3.04.00' />
  <meta name='ocr-capabilities' content='ocr_page ocr_carea ocr_par ocr_line ocrx_word'/>
</head>
<body>
  <div class='ocr_page' id='page_1' title='image "./comoedisex10westgoog_0236.png"; bbox 0 0 3234 4934; ppageno 0'>
   <div class='ocr_carea' id='block_1_1' title="bbox 617 430 748 499">
    <p class='ocr_par' dir='ltr' id='par_1_1' title="bbox 617 430 748 499">
     <span class='ocr_line' id='line_1_1' title="bbox 617 430 748 499; baseline 0.031 -4"><span class='ocrx_word' id='word_1_1' title='bbox 617 430 748 499; x_wconf 77' lang='lat'>228</span> 
     </span>
    </p>
   </div>
   <div class='ocr_carea' id='block_1_2' title="bbox 775 590 1633 2203">
    <p class='ocr_par' dir='ltr' id='par_1_2' title="bbox 775 590 1633 2203">
     <span class='ocr_line' id='line_1_2' title="bbox 781 590 1496 651; baseline -0.003 0"><span class='ocrx_word' id='word_1_2' title='bbox 781 590 873 651; x_wconf 88' lang='lat' dir='ltr'>ais</span> <span class='ocrx_word' id='word_1_3' title='bbox 1421 608 1496 649; x_wconf 88' lang='lat' dir='ltr'>eo</span> 
     </span>
     <span class='ocr_line' id='line_1_3' title="bbox 781 685 1503 746; baseline -0.001 -1"><span class='ocrx_word' id='word_1_4' title='bbox 781 686 866 746; x_wconf 88' lang='lat' dir='ltr'>ait</span> <span class='ocrx_word' id='word_1_5' title='bbox 1421 685 1503 745; x_wconf 87' lang='lat' dir='ltr'>rei</span> 
     </span>
     <span class='ocr_line' id='line_1_4' title="bbox 775 779 1545 857; baseline -0.004 -18"><span class='ocrx_word' id='word_1_6' title='bbox 775 799 944 839; x_wconf 86' lang='lat' dir='ltr'>meus</span> <span class='ocrx_word' id='word_1_7' title='bbox 1420 779 1545 857; x_wconf 91' lang='lat' dir='ltr'>spei</span> 
     </span>
     <span class='ocr_line' id='line_1_5' title="bbox 781 873 1558 954; baseline -0.001 -20"><span class='ocrx_word' id='word_1_8' title='bbox 781 885 918 936; x_wconf 88' lang='lat' dir='ltr'>tuus</span> <span class='ocrx_word' id='word_1_9' title='bbox 1025 894 1127 954; x_wconf 87' lang='lat' dir='ltr'>per</span> <span class='ocrx_word' id='word_1_10' title='bbox 1152 892 1357 935; x_wconf 86' lang='lat' dir='ltr'>omnes</span> <span class='ocrx_word' id='word_1_11' title='bbox 1418 873 1558 935; x_wconf 89' lang='lat' dir='ltr'>fidei</span> 
     </span>
     <span class='ocr_line' id='line_1_6' title="bbox 782 969 1532 1031; baseline 0 -3"><span class='ocrx_word' id='word_1_12' title='bbox 782 989 925 1031; x_wconf 88' lang='lat' dir='ltr'>suus</span> <span class='ocrx_word' id='word_1_13' title='bbox 1104 988 1280 1030; x_wconf 82' lang='lat' dir='ltr'>casus</span> <span class='ocrx_word' id='word_1_14' title='bbox 1414 969 1532 1029; x_wconf 87' lang='lat' dir='ltr'>diei</span> 
     </span>
     <span class='ocr_line' id='line_1_7' title="bbox 777 1050 1518 1126; baseline 0.001 -2"><span class='ocrx_word' id='word_1_15' title='bbox 777 1065 943 1125; x_wconf 86' lang='lat' dir='ltr'>Deus</span> <span class='ocrx_word' id='word_1_16' title='bbox 1359 1050 1384 1079; x_wconf 63' lang='lat'><strong>‘</strong></span> <span class='ocrx_word' id='word_1_17' title='bbox 1419 1062 1518 1126; x_wconf 86' lang='lat' dir='ltr'>die</span> 
     </span>
     <span class='ocr_line' id='line_1_8' title="bbox 779 1158 1517 1220; baseline 0.003 -2"><span class='ocrx_word' id='word_1_18' title='bbox 779 1158 928 1219; x_wconf 77' lang='lat' dir='ltr'>Deae</span> <span class='ocrx_word' id='word_1_19' title='bbox 1419 1162 1517 1220; x_wconf 75' lang='lat' dir='ltr'>via</span> 
     </span>
     <span class='ocr_line' id='line_1_9' title="bbox 782 1252 1564 1335; baseline 0.001 -23"><span class='ocrx_word' id='word_1_20' title='bbox 782 1252 918 1313; x_wconf 75' lang='lat' dir='ltr'>duae</span> <span class='ocrx_word' id='word_1_21' title='bbox 1421 1254 1564 1335; x_wconf 84' lang='lat' dir='ltr'>quia</span> 
     </span>
     <span class='ocr_line' id='line_1_10' title="bbox 1425 1349 1599 1409; baseline 0 0"><span class='ocrx_word' id='word_1_22' title='bbox 1425 1349 1599 1409; x_wconf 86' lang='lat' dir='ltr'>trium</span> 
     </span>
     <span class='ocr_line' id='line_1_11' title="bbox 778 1458 1498 1539; baseline -0.001 -19"><span class='ocrx_word' id='word_1_23' title='bbox 778 1459 985 1521; x_wconf 86' lang='lat' dir='ltr'>mulier</span> <span class='ocrx_word' id='word_1_24' title='bbox 999 1458 1023 1495; x_wconf 81' lang='lat'>⁸</span> <span class='ocrx_word' id='word_1_25' title='bbox 1263 1460 1498 1539; x_wconf 75' lang='lat' dir='ltr'>eveniat</span> 
     </span>
     <span class='ocr_line' id='line_1_12' title="bbox 779 1555 1564 1634; baseline 0.001 -19"><span class='ocrx_word' id='word_1_26' title='bbox 779 1555 986 1615; x_wconf 87' lang='lat' dir='ltr'>melius</span> <span class='ocrx_word' id='word_1_27' title='bbox 1259 1556 1564 1634; x_wconf 85' lang='lat' dir='ltr'>perveniat</span> 
     </span>
     <span class='ocr_line' id='line_1_13' title="bbox 785 1650 1497 1712; baseline 0.006 -5"><span class='ocrx_word' id='word_1_28' title='bbox 785 1650 1023 1709; x_wconf 78' lang='lat' dir='ltr'><strong>suavius</strong></span> <span class='ocrx_word' id='word_1_29' title='bbox 1261 1651 1497 1712; x_wconf 80' lang='lat' dir='ltr'>divitias</span> 
     </span>
     <span class='ocr_line' id='line_1_14' title="bbox 782 1744 1442 1823; baseline 0.006 -20"><span class='ocrx_word' id='word_1_30' title='bbox 782 1744 1017 1823; x_wconf 87' lang='lat' dir='ltr'>probior</span> <span class='ocrx_word' id='word_1_31' title='bbox 1267 1746 1442 1807; x_wconf 90' lang='lat' dir='ltr'>etiam</span> 
     </span>
     <span class='ocr_line' id='line_1_15' title="bbox 781 1840 1514 1921; baseline 0.004 -24"><span class='ocrx_word' id='word_1_32' title='bbox 781 1840 1028 1918; x_wconf 84' lang='lat' dir='ltr'>nequior</span> <span class='ocrx_word' id='word_1_33' title='bbox 1263 1840 1514 1921; x_wconf 84' lang='lat' dir='ltr'>ineptias</span> 
     </span>
     <span class='ocr_line' id='line_1_16' title="bbox 785 1933 1570 1997; baseline 0.005 -4"><span class='ocrx_word' id='word_1_34' title='bbox 785 1933 1113 1995; x_wconf 76' lang='lat' dir='ltr'>sexcenties</span> <span class='ocrx_word' id='word_1_35' title='bbox 1263 1936 1570 1997; x_wconf 86' lang='lat' dir='ltr'>certiorem</span> 
     </span>
     <span class='ocr_line' id='line_1_17' title="bbox 777 2030 1633 2094; baseline 0.004 -5"><span class='ocrx_word' id='word_1_36' title='bbox 777 2030 877 2089; x_wconf 80' lang='lat' dir='ltr'>via</span> <span class='ocrx_word' id='word_1_37' title='bbox 1262 2032 1633 2094; x_wconf 74' lang='lat' dir='ltr'>occasionem</span> 
     </span>
     <span class='ocr_line' id='line_1_18' title="bbox 778 2124 1626 2203; baseline 0.007 -21"><span class='ocrx_word' id='word_1_38' title='bbox 778 2124 918 2203; x_wconf 87' lang='lat' dir='ltr'>quia</span> <span class='ocrx_word' id='word_1_39' title='bbox 1259 2126 1626 2189; x_wconf 84' lang='lat' dir='ltr'>tumultuosa</span> 
     </span>
    </p>
   </div>
   <div class='ocr_carea' id='block_1_3' title="bbox 1351 444 2075 495">
    <p class='ocr_par' dir='ltr' id='par_1_3' title="bbox 1351 444 2075 495">
     <span class='ocr_line' id='line_1_19' title="bbox 1351 444 2075 495; baseline 0 -2"><span class='ocrx_word' id='word_1_40' title='bbox 1351 444 1819 495; x_wconf 68' lang='lat' dir='ltr'><strong>FRANGISOUS</strong></span> <span class='ocrx_word' id='word_1_41' title='bbox 1866 446 2075 495; x_wconf 70' lang='lat' dir='ltr'>HARB</span> 
     </span>
    </p>
   </div>
   <div class='ocr_carea' id='block_1_4' title="bbox 1776 588 2810 2206">
    <p class='ocr_par' dir='ltr' id='par_1_4' title="bbox 1822 588 2559 649">
     <span class='ocr_line' id='line_1_20' title="bbox 1822 588 2559 649; baseline 0 -1"><span class='ocrx_word' id='word_1_42' title='bbox 1822 588 2032 649; x_wconf 86' lang='lat' dir='ltr'>eodem</span> <span class='ocrx_word' id='word_1_43' title='bbox 2302 588 2559 648; x_wconf 74' lang='lat' dir='ltr'>fuissent</span> 
     </span>
    </p>

    <p class='ocr_par' dir='ltr' id='par_1_5' title="bbox 1825 683 2502 743">
     <span class='ocr_line' id='line_1_21' title="bbox 1825 683 2502 743; baseline -0.001 0"><span class='ocrx_word' id='word_1_44' title='bbox 1825 683 2032 743; x_wconf 86' lang='lat' dir='ltr'>eadem</span> <span class='ocrx_word' id='word_1_45' title='bbox 2306 684 2502 743; x_wconf 86' lang='lat' dir='ltr'>sciunt</span> 
     </span>
    </p>

    <p class='ocr_par' dir='ltr' id='par_1_6' title="bbox 1819 778 2505 837">
     <span class='ocr_line' id='line_1_22' title="bbox 1819 778 2505 837; baseline 0 0"><span class='ocrx_word' id='word_1_46' title='bbox 1819 798 2025 837; x_wconf 84' lang='lat' dir='ltr'>eamus</span> <span class='ocrx_word' id='word_1_47' title='bbox 2304 778 2505 837; x_wconf 87' lang='lat' dir='ltr'>videat</span> 
     </span>
    </p>

    <p class='ocr_par' dir='ltr' id='par_1_7' title="bbox 1820 873 2473 933">
     <span class='ocr_line' id='line_1_23' title="bbox 1820 873 2473 933; baseline 0 -1"><span class='ocrx_word' id='word_1_48' title='bbox 1820 873 1925 933; x_wconf 87' lang='lat' dir='ltr'>filii</span> <span class='ocrx_word' id='word_1_49' title='bbox 2300 884 2473 933; x_wconf 85' lang='lat' dir='ltr'>taceo</span> 
     </span>
    </p>

    <p class='ocr_par' dir='ltr' id='par_1_8' title="bbox 1814 967 2507 1048">
     <span class='ocr_line' id='line_1_24' title="bbox 1814 967 2507 1048; baseline 0 -22"><span class='ocrx_word' id='word_1_50' title='bbox 1814 968 1964 1048; x_wconf 89' lang='lat' dir='ltr'>perii</span> <span class='ocrx_word' id='word_1_51' title='bbox 2300 967 2507 1028; x_wconf 90' lang='lat' dir='ltr'>docuit</span> 
     </span>
    </p>

    <p class='ocr_par' dir='ltr' id='par_1_9' title="bbox 1822 1063 2643 1125">
     <span class='ocr_line' id='line_1_25' title="bbox 1822 1063 2643 1125; baseline -0.001 -3"><span class='ocrx_word' id='word_1_52' title='bbox 1822 1063 2019 1123; x_wconf 86' lang='lat' dir='ltr'>aiebat</span> <span class='ocrx_word' id='word_1_53' title='bbox 2297 1081 2643 1125; x_wconf 81' lang='lat' dir='ltr'><strong>commoveo</strong></span> 
     </span>
    </p>

    <p class='ocr_par' dir='ltr' id='par_1_10' title="bbox 1822 1158 2810 1220">
     <span class='ocr_line' id='line_1_26' title="bbox 1822 1158 2810 1220; baseline -0.002 -3"><span class='ocrx_word' id='word_1_54' title='bbox 1822 1158 1908 1219; x_wconf 76' lang='lat' dir='ltr'>fui</span> <span class='ocrx_word' id='word_1_55' title='bbox 2300 1170 2701 1220; x_wconf 78' lang='lat' dir='ltr'>transeuntem</span> <span class='ocrx_word' id='word_1_56' title='bbox 2801 1170 2810 1177; x_wconf 86' lang='lat'><strong>·</strong></span> 
     </span>
    </p>

    <p class='ocr_par' dir='ltr' id='par_1_11' title="bbox 1822 1253 2504 1335">
     <span class='ocr_line' id='line_1_27' title="bbox 1822 1253 2504 1335; baseline 0.001 -23"><span class='ocrx_word' id='word_1_57' title='bbox 1822 1253 1938 1314; x_wconf 76' lang='lat' dir='ltr'>fuit</span> <span class='ocrx_word' id='word_1_58' title='bbox 2302 1255 2504 1335; x_wconf 79' lang='lat' dir='ltr'>gaudii</span> 
     </span>
    </p>

    <p class='ocr_par' dir='ltr' id='par_1_12' title="bbox 1776 1350 2679 2206">
     <span class='ocr_line' id='line_1_28' title="bbox 1828 1350 2559 1429; baseline 0.001 -21"><span class='ocrx_word' id='word_1_59' title='bbox 1828 1350 1992 1409; x_wconf 85' lang='lat' dir='ltr'>fuisti</span> <span class='ocrx_word' id='word_1_60' title='bbox 2294 1350 2559 1429; x_wconf 83' lang='lat' dir='ltr'>jurgium</span> 
     </span>
     <span class='ocr_line' id='line_1_29' title="bbox 1784 1458 2649 1540; baseline -0.001 -21"><span class='ocrx_word' id='word_1_61' title='bbox 1784 1458 2206 1537; x_wconf 82' lang='lat' dir='ltr'>grandiuscula</span> <span class='ocrx_word' id='word_1_62' title='bbox 2390 1458 2649 1540; x_wconf 87' lang='lat' dir='ltr'>potuerit</span> 
     </span>
     <span class='ocr_line' id='line_1_30' title="bbox 1783 1553 2613 1634; baseline -0.001 -20"><span class='ocrx_word' id='word_1_63' title='bbox 1783 1553 2183 1614; x_wconf 74' lang='lat' dir='ltr'>tardiusculus</span> <span class='ocrx_word' id='word_1_64' title='bbox 2386 1554 2613 1634; x_wconf 81' lang='lat' dir='ltr'>rejiciat</span> 
     </span>
     <span class='ocr_line' id='line_1_31' title="bbox 1781 1649 2605 1729; baseline -0.005 -20"><span class='ocrx_word' id='word_1_65' title='bbox 1781 1649 2227 1729; x_wconf 88' lang='lat' dir='ltr'>comprehendit</span> <span class='ocrx_word' id='word_1_66' title='bbox 2385 1649 2605 1709; x_wconf 87' lang='lat' dir='ltr'>introiit</span> 
     </span>
     <span class='ocr_line' id='line_1_32' title="bbox 1784 1745 2643 1825; baseline -0.003 -20"><span class='ocrx_word' id='word_1_67' title='bbox 1784 1745 2157 1825; x_wconf 85' lang='lat' dir='ltr'>reprehendit</span> <span class='ocrx_word' id='word_1_68' title='bbox 2386 1745 2643 1805; x_wconf 87' lang='lat' dir='ltr'>abieram</span> 
     </span>
     <span class='ocr_line' id='line_1_33' title="bbox 1783 1839 2586 1900; baseline -0.004 0"><span class='ocrx_word' id='word_1_69' title='bbox 1783 1839 2100 1900; x_wconf 89' lang='lat' dir='ltr'>deosculor</span> <span class='ocrx_word' id='word_1_70' title='bbox 2390 1839 2586 1898; x_wconf 87' lang='lat' dir='ltr'>abiero</span> 
     </span>
     <span class='ocr_line' id='line_1_34' title="bbox 1784 1928 2626 1997; baseline -0.007 0"><span class='ocrx_word' id='word_1_71' title='bbox 1784 1936 2132 1997; x_wconf 75' lang='lat' dir='ltr'>dehortatus</span> <span class='ocrx_word' id='word_1_72' title='bbox 2386 1928 2626 1995; x_wconf 87' lang='lat' dir='ltr'>redierit</span> 
     </span>
     <span class='ocr_line' id='line_1_35' title="bbox 1780 2028 2651 2113; baseline -0.007 -21"><span class='ocrx_word' id='word_1_73' title='bbox 1780 2032 2121 2113; x_wconf 86' lang='lat' dir='ltr'>aperiuntur</span> <span class='ocrx_word' id='word_1_74' title='bbox 2382 2028 2651 2108; x_wconf 87' lang='lat' dir='ltr'>perierim</span> 
     </span>
     <span class='ocr_line' id='line_1_36' title="bbox 1776 2123 2679 2206; baseline -0.006 -19"><span class='ocrx_word' id='word_1_75' title='bbox 1776 2127 1971 2206; x_wconf 87' lang='lat' dir='ltr'>ejiciat</span> <span class='ocrx_word' id='word_1_76' title='bbox 1986 2128 2013 2161; x_wconf 84' lang='lat'><strong>⁹</strong></span> <span class='ocrx_word' id='word_1_77' title='bbox 2382 2123 2679 2205; x_wconf 87' lang='lat' dir='ltr'>periimus.</span> 
     </span>
    </p>
   </div>
   <div class='ocr_carea' id='block_1_5' title="bbox 619 2240 2807 2427">
    <p class='ocr_par' dir='ltr' id='par_1_13' title="bbox 619 2240 2807 2427">
     <span class='ocr_line' id='line_1_37' title="bbox 701 2240 2803 2331; baseline -0.001 -22"><span class='ocrx_word' id='word_1_78' title='bbox 701 2250 899 2322; x_wconf 87' lang='lat' dir='ltr'>Nono,</span> <span class='ocrx_word' id='word_1_79' title='bbox 925 2251 1103 2312; x_wconf 80' lang='lat' dir='ltr'>verba</span> <span class='ocrx_word' id='word_1_80' title='bbox 1151 2271 1310 2331; x_wconf 78' lang='lat' dir='ltr'>soepe</span> <span class='ocrx_word' id='word_1_81' title='bbox 1353 2254 1618 2313; x_wconf 75' lang='lat' dir='ltr'>breviant</span> <span class='ocrx_word' id='word_1_82' title='bbox 1660 2240 1987 2312; x_wconf 66' lang='lat' dir='ltr'>exterendo</span> <span class='ocrx_word' id='word_1_83' title='bbox 2014 2249 2281 2310; x_wconf 83' lang='lat' dir='ltr'>vocalem</span> <span class='ocrx_word' id='word_1_84' title='bbox 2306 2247 2401 2307; x_wconf 82' lang='lat' dir='ltr'>vel</span> <span class='ocrx_word' id='word_1_85' title='bbox 2452 2246 2741 2327; x_wconf 78' lang='lat' dir='ltr'>syllabam</span> <span class='ocrx_word' id='word_1_86' title='bbox 2768 2267 2803 2307; x_wconf 87' lang='lat' dir='ltr'>e</span> 
     </span>
     <span class='ocr_line' id='line_1_38' title="bbox 619 2340 2807 2427; baseline -0.003 -21"><span class='ocrx_word' id='word_1_87' title='bbox 619 2346 816 2406; x_wconf 87' lang='lat' dir='ltr'>media</span> <span class='ocrx_word' id='word_1_88' title='bbox 840 2365 1007 2417; x_wconf 82' lang='lat' dir='ltr'>voce,</span> <span class='ocrx_word' id='word_1_89' title='bbox 1033 2347 1127 2406; x_wconf 84' lang='lat' dir='ltr'>vel</span> <span class='ocrx_word' id='word_1_90' title='bbox 1155 2347 1478 2406; x_wconf 84' lang='lat' dir='ltr'>resecando</span> <span class='ocrx_word' id='word_1_91' title='bbox 1505 2366 1542 2407; x_wconf 92' lang='lat' dir='ltr'>a</span> <span class='ocrx_word' id='word_1_92' title='bbox 1567 2348 1722 2407; x_wconf 80' lang='lat' dir='ltr'>fine:</span> <span class='ocrx_word' id='word_1_93' title='bbox 1765 2364 2013 2427; x_wconf 89' lang='lat' dir='ltr'>quorum</span> <span class='ocrx_word' id='word_1_94' title='bbox 2041 2346 2199 2425; x_wconf 89' lang='lat' dir='ltr'>prius</span> <span class='ocrx_word' id='word_1_95' title='bbox 2228 2361 2487 2425; x_wconf 74' lang='lat' dir='ltr'>syncope</span> <span class='ocrx_word' id='word_1_96' title='bbox 2505 2340 2667 2403; x_wconf 88' lang='lat' dir='ltr'>dicta</span> <span class='ocrx_word' id='word_1_97' title='bbox 2688 2351 2807 2415; x_wconf 84' lang='lat' dir='ltr'>est,</span> 
     </span>
    </p>
   </div>
   <div class='ocr_carea' id='block_1_6' title="bbox 620 2441 1579 2639">
    <p class='ocr_par' dir='ltr' id='par_1_14' title="bbox 620 2441 1579 2639">
     <span class='ocr_line' id='line_1_39' title="bbox 620 2441 1178 2518; baseline -0.005 -16"><span class='ocrx_word' id='word_1_98' title='bbox 620 2441 867 2502; x_wconf 88' lang='lat' dir='ltr'>alterum</span> <span class='ocrx_word' id='word_1_99' title='bbox 895 2458 1178 2518; x_wconf 84' lang='lat' dir='ltr'>apocope.</span> 
     </span>
     <span class='ocr_line' id='line_1_40' title="bbox 621 2558 1579 2639; baseline 0 -21"><span class='ocrx_word' id='word_1_100' title='bbox 621 2558 908 2638; x_wconf 87' lang='lat' dir='ltr'>Exempla</span> <span class='ocrx_word' id='word_1_101' title='bbox 935 2577 1228 2639; x_wconf 84' lang='lat' dir='ltr'>syncopes</span> <span class='ocrx_word' id='word_1_102' title='bbox 1259 2558 1380 2619; x_wconf 85' lang='lat' dir='ltr'>siut</span> <span class='ocrx_word' id='word_1_103' title='bbox 1405 2558 1579 2619; x_wconf 76' lang='lat' dir='ltr'>hoec:</span> 
     </span>
    </p>
   </div>
   <div class='ocr_carea' id='block_1_7' title="bbox 745 2708 1426 3431">
    <p class='ocr_par' dir='ltr' id='par_1_15' title="bbox 745 2708 1426 3431">
     <span class='ocr_line' id='line_1_41' title="bbox 747 2708 1310 2787; baseline 0 -19"><span class='ocrx_word' id='word_1_104' title='bbox 747 2708 934 2787; x_wconf 89' lang='lat' dir='ltr'>erpite</span> <span class='ocrx_word' id='word_1_105' title='bbox 1163 2708 1310 2769; x_wconf 85' lang='lat' dir='ltr'>dixti</span> 
     </span>
     <span class='ocr_line' id='line_1_42' title="bbox 749 2805 1305 2885; baseline 0 -20"><span class='ocrx_word' id='word_1_106' title='bbox 749 2805 982 2884; x_wconf 87' lang='lat' dir='ltr'>surpuit</span> <span class='ocrx_word' id='word_1_107' title='bbox 1154 2805 1305 2885; x_wconf 87' lang='lat' dir='ltr'>justi</span> 
     </span>
     <span class='ocr_line' id='line_1_43' title="bbox 747 2902 1350 2981; baseline -0.003 -18"><span class='ocrx_word' id='word_1_108' title='bbox 747 2920 1006 2981; x_wconf 80' lang='lat' dir='ltr'>exporge</span> <span class='ocrx_word' id='word_1_109' title='bbox 1165 2902 1350 2961; x_wconf 84' lang='lat' dir='ltr'>sensti</span> 
     </span>
     <span class='ocr_line' id='line_1_44' title="bbox 747 2995 1419 3057; baseline 0.006 -4"><span class='ocrx_word' id='word_1_110' title='bbox 747 2996 944 3055; x_wconf 87' lang='lat' dir='ltr'>amisti</span> <span class='ocrx_word' id='word_1_111' title='bbox 1163 2995 1419 3057; x_wconf 84' lang='lat' dir='ltr'>audistin</span> 
     </span>
     <span class='ocr_line' id='line_1_45' title="bbox 747 3089 1300 3150; baseline 0.002 -1"><span class='ocrx_word' id='word_1_112' title='bbox 747 3089 1040 3149; x_wconf 81' lang='lat' dir='ltr'>commisti</span> <span class='ocrx_word' id='word_1_113' title='bbox 1162 3089 1300 3150; x_wconf 86' lang='lat' dir='ltr'>dixe</span> 
     </span>
     <span class='ocr_line' id='line_1_46' title="bbox 745 3180 1408 3261; baseline 0.002 -18"><span class='ocrx_word' id='word_1_114' title='bbox 745 3183 1012 3261; x_wconf 82' lang='lat' dir='ltr'>promisti</span> <span class='ocrx_word' id='word_1_115' title='bbox 1160 3180 1408 3244; x_wconf 87' lang='lat' dir='ltr'>decesse</span> 
     </span>
     <span class='ocr_line' id='line_1_47' title="bbox 745 3274 1424 3354; baseline 0.001 -20"><span class='ocrx_word' id='word_1_116' title='bbox 745 3274 1106 3354; x_wconf 59' lang='lat' dir='ltr'>praescripsti</span> <span class='ocrx_word' id='word_1_117' title='bbox 1161 3276 1424 3336; x_wconf 83' lang='lat' dir='ltr'>excessis</span> 
     </span>
     <span class='ocr_line' id='line_1_48' title="bbox 747 3368 1426 3431; baseline 0 0"><span class='ocrx_word' id='word_1_118' title='bbox 747 3368 995 3431; x_wconf 80' lang='lat' dir='ltr'>exclusti</span> <span class='ocrx_word' id='word_1_119' title='bbox 1162 3371 1426 3431; x_wconf 85' lang='lat' dir='ltr'>scissem.</span> 
     </span>
    </p>
   </div>
   <div class='ocr_carea' id='block_1_8' title="bbox 617 3532 1674 4272">
    <p class='ocr_par' dir='ltr' id='par_1_16' title="bbox 617 3532 1674 3746">
     <span class='ocr_line' id='line_1_49' title="bbox 679 3532 1673 3596; baseline -0.004 -12"><span class='ocrx_word' id='word_1_120' title='bbox 679 3539 712 3584; x_wconf 82' lang='grc'><strong>7</strong></span> <span class='ocrx_word' id='word_1_121' title='bbox 745 3532 901 3596; x_wconf 69' lang='lat' dir='ltr'>Mihi]</span> <span class='ocrx_word' id='word_1_122' title='bbox 938 3532 1069 3583; x_wconf 74' lang='lat' dir='ltr'>Mihi</span> <span class='ocrx_word' id='word_1_123' title='bbox 1087 3538 1145 3583; x_wconf 86' lang='lat' dir='ltr'>et</span> <span class='ocrx_word' id='word_1_124' title='bbox 1178 3533 1304 3583; x_wconf 83' lang='lat' dir='ltr'>nibil</span> <span class='ocrx_word' id='word_1_125' title='bbox 1323 3538 1445 3582; x_wconf 80' lang='lat' dir='ltr'>sunt</span> <span class='ocrx_word' id='word_1_126' title='bbox 1467 3545 1673 3594; x_wconf 81' lang='lat' dir='ltr'>semper</span> 
     </span>
     <span class='ocr_line' id='line_1_50' title="bbox 617 3606 1674 3671; baseline 0 -14"><span class='ocrx_word' id='word_1_127' title='bbox 617 3606 730 3658; x_wconf 75' lang='lat' dir='ltr'>fere</span> <span class='ocrx_word' id='word_1_128' title='bbox 751 3608 1126 3671; x_wconf 76' lang='lat' dir='ltr'>monosyllaba,</span> <span class='ocrx_word' id='word_1_129' title='bbox 1148 3610 1232 3657; x_wconf 78' lang='lat' dir='ltr'>vel</span> <span class='ocrx_word' id='word_1_130' title='bbox 1251 3616 1395 3659; x_wconf 86' lang='lat' dir='ltr'>certe</span> <span class='ocrx_word' id='word_1_131' title='bbox 1416 3606 1674 3657; x_wconf 70' lang='lat' dir='ltr'>rarissime</span> 
     </span>
     <span class='ocr_line' id='line_1_51' title="bbox 617 3680 1385 3746; baseline -0.003 -13"><span class='ocrx_word' id='word_1_132' title='bbox 617 3683 672 3733; x_wconf 86' lang='lat' dir='ltr'>in</span> <span class='ocrx_word' id='word_1_133' title='bbox 689 3680 814 3733; x_wconf 81' lang='lat' dir='ltr'>dnos</span> <span class='ocrx_word' id='word_1_134' title='bbox 835 3680 996 3746; x_wconf 82' lang='lat' dir='ltr'>pedes</span> <span class='ocrx_word' id='word_1_135' title='bbox 1017 3682 1385 3733; x_wconf 79' lang='lat' dir='ltr'>distrahuntur.</span> 
     </span>
    </p>

    <p class='ocr_par' dir='ltr' id='par_1_17' title="bbox 617 3755 1674 4272">
     <span class='ocr_line' id='line_1_52' title="bbox 682 3755 1673 3822; baseline -0.001 -14"><span class='ocrx_word' id='word_1_136' title='bbox 682 3762 716 3808; x_wconf 82' lang='lat'><strong>8</strong></span> <span class='ocrx_word' id='word_1_137' title='bbox 746 3757 950 3820; x_wconf 73' lang='lat' dir='ltr'>Mulier]</span> <span class='ocrx_word' id='word_1_138' title='bbox 983 3757 1047 3807; x_wconf 83' lang='lat' dir='ltr'>In</span> <span class='ocrx_word' id='word_1_139' title='bbox 1069 3758 1166 3807; x_wconf 79' lang='lat' dir='ltr'>hac</span> <span class='ocrx_word' id='word_1_140' title='bbox 1191 3772 1316 3809; x_wconf 82' lang='lat' dir='ltr'>voce</span> <span class='ocrx_word' id='word_1_141' title='bbox 1339 3755 1673 3822; x_wconf 80' lang='lat' dir='ltr'>plurimisque</span> 
     </span>
     <span class='ocr_line' id='line_1_53' title="bbox 618 3831 1673 3897; baseline -0.002 -14"><span class='ocrx_word' id='word_1_142' title='bbox 618 3834 751 3896; x_wconf 75' lang='lat' dir='ltr'>aliis,</span> <span class='ocrx_word' id='word_1_143' title='bbox 771 3834 826 3882; x_wconf 86' lang='lat' dir='ltr'>in</span> <span class='ocrx_word' id='word_1_144' title='bbox 843 3832 1023 3897; x_wconf 82' lang='lat' dir='ltr'>quibus</span> <span class='ocrx_word' id='word_1_145' title='bbox 1042 3832 1235 3882; x_wconf 76' lang='lat' dir='ltr'>vocalis</span> <span class='ocrx_word' id='word_1_146' title='bbox 1255 3832 1394 3897; x_wconf 89' lang='lat' dir='ltr'>prior</span> <span class='ocrx_word' id='word_1_147' title='bbox 1411 3841 1488 3882; x_wconf 78' lang='lat' dir='ltr'>est</span> <span class='ocrx_word' id='word_1_148' title='bbox 1509 3831 1673 3895; x_wconf 84' lang='lat' dir='ltr'>i,con-</span> 
     </span>
     <span class='ocr_line' id='line_1_54' title="bbox 618 3904 1673 3970; baseline -0.005 -10"><span class='ocrx_word' id='word_1_149' title='bbox 618 3908 810 3960; x_wconf 80' lang='lat' dir='ltr'>tractio</span> <span class='ocrx_word' id='word_1_150' title='bbox 851 3906 914 3957; x_wconf 78' lang='lat' dir='ltr'>fit</span> <span class='ocrx_word' id='word_1_151' title='bbox 945 3904 1194 3956; x_wconf 78' lang='lat' dir='ltr'>mutando</span> <span class='ocrx_word' id='word_1_152' title='bbox 1233 3907 1251 3956; x_wconf 89' lang='lat' dir='ltr'>i</span> <span class='ocrx_word' id='word_1_153' title='bbox 1290 3908 1343 3957; x_wconf 88' lang='lat' dir='ltr'>in</span> <span class='ocrx_word' id='word_1_154' title='bbox 1377 3922 1673 3970; x_wconf 76' lang='lat' dir='ltr'>consonam,</span> 
     </span>
     <span class='ocr_line' id='line_1_55' title="bbox 617 3978 1674 4047; baseline -0.003 -15"><span class='ocrx_word' id='word_1_155' title='bbox 617 3998 754 4047; x_wconf 66' lang='lat' dir='ltr'>qum.</span> <span class='ocrx_word' id='word_1_156' title='bbox 773 3991 833 4031; x_wconf 83' lang='lat' dir='ltr'>ut</span> <span class='ocrx_word' id='word_1_157' title='bbox 855 3988 976 4031; x_wconf 79' lang='lat' dir='ltr'>ante</span> <span class='ocrx_word' id='word_1_158' title='bbox 998 3978 1196 4031; x_wconf 83' lang='lat' dir='ltr'>dictum</span> <span class='ocrx_word' id='word_1_159' title='bbox 1213 3988 1312 4044; x_wconf 82' lang='lat' dir='ltr'>est,</span> <span class='ocrx_word' id='word_1_160' title='bbox 1336 3982 1674 4045; x_wconf 83' lang='lat' dir='ltr'>pronuntian-</span> 
     </span>
     <span class='ocr_line' id='line_1_56' title="bbox 619 4056 1672 4121; baseline -0.001 -16"><span class='ocrx_word' id='word_1_161' title='bbox 619 4058 685 4105; x_wconf 82' lang='lat' dir='ltr'>da</span> <span class='ocrx_word' id='word_1_162' title='bbox 709 4063 788 4106; x_wconf 77' lang='lat' dir='ltr'>est</span> <span class='ocrx_word' id='word_1_163' title='bbox 819 4066 877 4106; x_wconf 83' lang='lat' dir='ltr'>ut</span> <span class='ocrx_word' id='word_1_164' title='bbox 913 4062 1143 4106; x_wconf 85' lang='lat' dir='ltr'>nostrum</span> <span class='ocrx_word' id='word_1_165' title='bbox 1165 4070 1232 4119; x_wconf 81' lang='lat' dir='ltr'>y:</span> <span class='ocrx_word' id='word_1_166' title='bbox 1267 4062 1425 4121; x_wconf 80' lang='lat' dir='ltr'>atque</span> <span class='ocrx_word' id='word_1_167' title='bbox 1463 4056 1558 4106; x_wconf 75' lang='lat' dir='ltr'>hac</span> <span class='ocrx_word' id='word_1_168' title='bbox 1592 4069 1672 4105; x_wconf 80' lang='lat' dir='ltr'>ra-</span> 
     </span>
     <span class='ocr_line' id='line_1_57' title="bbox 622 4130 1673 4195; baseline -0.001 -15"><span class='ocrx_word' id='word_1_169' title='bbox 622 4132 762 4181; x_wconf 87' lang='lat' dir='ltr'>tione</span> <span class='ocrx_word' id='word_1_170' title='bbox 802 4132 962 4195; x_wconf 85' lang='lat' dir='ltr'>pedes</span> <span class='ocrx_word' id='word_1_171' title='bbox 999 4130 1445 4195; x_wconf 78' lang='lat' dir='ltr'>proceleusmatici</span> <span class='ocrx_word' id='word_1_172' title='bbox 1483 4132 1536 4179; x_wconf 86' lang='lat' dir='ltr'>in</span> <span class='ocrx_word' id='word_1_173' title='bbox 1559 4146 1673 4181; x_wconf 82' lang='lat' dir='ltr'>ver-</span> 
     </span>
     <span class='ocr_line' id='line_1_58' title="bbox 621 4205 1672 4272; baseline 0.001 -17"><span class='ocrx_word' id='word_1_174' title='bbox 621 4220 768 4255; x_wconf 82' lang='lat' dir='ltr'>suum</span> <span class='ocrx_word' id='word_1_175' title='bbox 813 4205 1001 4257; x_wconf 79' lang='lat' dir='ltr'>finibus</span> <span class='ocrx_word' id='word_1_176' title='bbox 1037 4220 1182 4272; x_wconf 77' lang='lat' dir='ltr'>soepe</span> <span class='ocrx_word' id='word_1_177' title='bbox 1221 4206 1274 4256; x_wconf 86' lang='lat' dir='ltr'>in</span> <span class='ocrx_word' id='word_1_178' title='bbox 1314 4205 1550 4271; x_wconf 81' lang='lat' dir='ltr'>dactylos</span> <span class='ocrx_word' id='word_1_179' title='bbox 1585 4207 1672 4256; x_wconf 72' lang='lat' dir='ltr'>vel</span> 
     </span>
    </p>
   </div>
   <div class='ocr_carea' id='block_1_9' title="bbox 1662 2513 2423 2597">
    <p class='ocr_par' dir='ltr' id='par_1_18' title="bbox 1662 2513 2423 2597">
     <span class='ocr_line' id='line_1_59' title="bbox 1662 2513 2423 2597; baseline -0.008 -18"><span class='ocrx_word' id='word_1_180' title='bbox 1662 2519 1887 2580; x_wconf 88' lang='lat' dir='ltr'>Eodem</span> <span class='ocrx_word' id='word_1_181' title='bbox 1910 2518 2090 2579; x_wconf 87' lang='lat' dir='ltr'>modo</span> <span class='ocrx_word' id='word_1_182' title='bbox 2118 2518 2177 2577; x_wconf 88' lang='lat' dir='ltr'>in</span> <span class='ocrx_word' id='word_1_183' title='bbox 2206 2513 2423 2597; x_wconf 78' lang='lat' dir='ltr'>dissyl-</span> 
     </span>
    </p>
   </div>
   <div class='ocr_carea' id='block_1_10' title="bbox 1744 2612 2333 2675">
    <p class='ocr_par' dir='ltr' id='par_1_19' title="bbox 1744 2612 2333 2675">
     <span class='ocr_line' id='line_1_60' title="bbox 1744 2612 2333 2675; baseline 0 -2"><span class='ocrx_word' id='word_1_184' title='bbox 1744 2614 1883 2675; x_wconf 82' lang='lat' dir='ltr'>laba</span> <span class='ocrx_word' id='word_1_185' title='bbox 1906 2612 2333 2674; x_wconf 86' lang='lat' dir='ltr'>contrabuntur</span> 
     </span>
    </p>
   </div>
   <div class='ocr_carea' id='block_1_11' title="bbox 1725 2712 2546 3153">
    <p class='ocr_par' dir='ltr' id='par_1_20' title="bbox 1726 2712 2184 2793">
     <span class='ocr_line' id='line_1_61' title="bbox 1726 2712 2184 2793; baseline -0.011 -22"><span class='ocrx_word' id='word_1_186' title='bbox 1726 2712 1975 2772; x_wconf 86' lang='lat' dir='ltr'>alterum</span> <span class='ocrx_word' id='word_1_187' title='bbox 2146 2714 2184 2793; x_wconf 55' lang='grc' dir='ltr'>Ἰ</span> 
     </span>
    </p>

    <p class='ocr_par' dir='ltr' id='par_1_21' title="bbox 1726 2805 1929 2865">
     <span class='ocr_line' id='line_1_62' title="bbox 1726 2805 1929 2865; baseline 0 0"><span class='ocrx_word' id='word_1_188' title='bbox 1726 2805 1929 2865; x_wconf 83' lang='lat' dir='ltr'>militis</span> 
     </span>
    </p>

    <p class='ocr_par' dir='ltr' id='par_1_22' title="bbox 1725 2898 2546 3076">
     <span class='ocr_line' id='line_1_63' title="bbox 1726 2898 2546 2980; baseline -0.002 -19"><span class='ocrx_word' id='word_1_189' title='bbox 1726 2898 1981 2961; x_wconf 85' lang='lat' dir='ltr'>nominis</span> <span class='ocrx_word' id='word_1_190' title='bbox 2224 2918 2345 2980; x_wconf 87' lang='lat' dir='ltr'>quo</span> <span class='ocrx_word' id='word_1_191' title='bbox 2370 2908 2546 2980; x_wconf 87' lang='lat' dir='ltr'>pacto</span> 
     </span>
     <span class='ocr_line' id='line_1_64' title="bbox 1725 2996 2522 3076; baseline -0.004 -20"><span class='ocrx_word' id='word_1_192' title='bbox 1725 2996 2044 3076; x_wconf 74' lang='lat' dir='ltr'>virginem¹</span> <span class='ocrx_word' id='word_1_193' title='bbox 2222 2996 2319 3056; x_wconf 78' lang='lat' dir='ltr'>hae</span> <span class='ocrx_word' id='word_1_194' title='bbox 2344 3014 2522 3055; x_wconf 81' lang='lat' dir='ltr'>voces</span> 
     </span>
    </p>

    <p class='ocr_par' dir='ltr' id='par_1_23' title="bbox 1725 3090 2519 3153">
     <span class='ocr_line' id='line_1_65' title="bbox 1725 3090 2519 3153; baseline -0.005 -2"><span class='ocrx_word' id='word_1_195' title='bbox 1725 3090 2034 3151; x_wconf 87' lang='lat' dir='ltr'>clamitans</span> <span class='ocrx_word' id='word_1_196' title='bbox 2226 3113 2261 3153; x_wconf 86' lang='lat' dir='ltr'>e</span> <span class='ocrx_word' id='word_1_197' title='bbox 2288 3090 2519 3151; x_wconf 89' lang='lat' dir='ltr'>creticis</span> 
     </span>
    </p>
   </div>
   <div class='ocr_carea' id='block_1_12' title="bbox 1721 3182 2032 3431">
    <p class='ocr_par' dir='ltr' id='par_1_24' title="bbox 1721 3182 2032 3431">
     <span class='ocr_line' id='line_1_66' title="bbox 1726 3182 2032 3261; baseline 0.003 -21"><span class='ocrx_word' id='word_1_198' title='bbox 1726 3182 2032 3261; x_wconf 86' lang='lat' dir='ltr'>paululum</span> 
     </span>
     <span class='ocr_line' id='line_1_67' title="bbox 1726 3277 1972 3335; baseline 0.008 -2"><span class='ocrx_word' id='word_1_199' title='bbox 1726 3277 1927 3335; x_wconf 73' lang='lat' dir='ltr'>liberae</span> <span class='ocrx_word' id='word_1_200' title='bbox 1942 3278 1972 3307; x_wconf 77' lang='lat'>²</span> 
     </span>
     <span class='ocr_line' id='line_1_68' title="bbox 1721 3368 1969 3431; baseline 0.004 -3"><span class='ocrx_word' id='word_1_201' title='bbox 1721 3368 1930 3431; x_wconf 89' lang='lat' dir='ltr'>liberet</span> <span class='ocrx_word' id='word_1_202' title='bbox 1950 3390 1969 3429; x_wconf 70' lang='grc' dir='ltr'>ε</span> 
     </span>
    </p>
   </div>
   <div class='ocr_carea' id='block_1_13' title="bbox 2226 3182 2689 3264">
    <p class='ocr_par' dir='ltr' id='par_1_25' title="bbox 2226 3182 2689 3264">
     <span class='ocr_line' id='line_1_69' title="bbox 2226 3182 2689 3264; baseline 0.009 -24"><span class='ocrx_word' id='word_1_203' title='bbox 2226 3182 2376 3244; x_wconf 81' lang='lat' dir='ltr'>fiunt</span> <span class='ocrx_word' id='word_1_204' title='bbox 2401 3184 2689 3264; x_wconf 77' lang='lat' dir='ltr'>spondaei.</span> 
     </span>
    </p>
   </div>
   <div class='ocr_carea' id='block_1_14' title="bbox 1746 3532 2805 4274">
    <p class='ocr_par' dir='ltr' id='par_1_26' title="bbox 1746 3532 2805 4274">
     <span class='ocr_line' id='line_1_70' title="bbox 1752 3532 2803 3600; baseline 0.004 -17"><span class='ocrx_word' id='word_1_205' title='bbox 1752 3532 1975 3583; x_wconf 78' lang='lat' dir='ltr'>creticos</span> <span class='ocrx_word' id='word_1_206' title='bbox 2009 3533 2401 3600; x_wconf 73' lang='lat' dir='ltr'>contrahuntur,</span> <span class='ocrx_word' id='word_1_207' title='bbox 2436 3542 2497 3585; x_wconf 85' lang='lat' dir='ltr'>nt</span> <span class='ocrx_word' id='word_1_208' title='bbox 2530 3536 2604 3596; x_wconf 86' lang='lat' dir='ltr'>in,</span> <span class='ocrx_word' id='word_1_209' title='bbox 2624 3536 2803 3588; x_wconf 83' lang='lat' dir='ltr'>mulie-</span> 
     </span>
     <span class='ocr_line' id='line_1_71' title="bbox 1753 3608 2803 3674; baseline 0.006 -19"><span class='ocrx_word' id='word_1_210' title='bbox 1753 3618 1881 3667; x_wconf 79' lang='lat' dir='ltr'>rem,</span> <span class='ocrx_word' id='word_1_211' title='bbox 1910 3608 2171 3670; x_wconf 83' lang='lat' dir='ltr'>mulieres,</span> <span class='ocrx_word' id='word_1_212' title='bbox 2205 3608 2399 3674; x_wconf 80' lang='lat' dir='ltr'>abiero,</span> <span class='ocrx_word' id='word_1_213' title='bbox 2431 3609 2690 3674; x_wconf 85' lang='lat' dir='ltr'>perierim,</span> <span class='ocrx_word' id='word_1_214' title='bbox 2724 3626 2803 3661; x_wconf 88' lang='lat' dir='ltr'>re-</span> 
     </span>
     <span class='ocr_line' id='line_1_72' title="bbox 1746 3680 2805 3749; baseline 0.004 -18"><span class='ocrx_word' id='word_1_215' title='bbox 1746 3680 1928 3744; x_wconf 79' lang='lat' dir='ltr'>dierit,</span> <span class='ocrx_word' id='word_1_216' title='bbox 1986 3684 2304 3748; x_wconf 79' lang='lat' dir='ltr'>praeterieris</span> <span class='ocrx_word' id='word_1_217' title='bbox 2340 3701 2357 3735; x_wconf 72' lang='lat' dir='ltr'><em>z</em></span> <span class='ocrx_word' id='word_1_218' title='bbox 2408 3699 2525 3749; x_wconf 79' lang='lat' dir='ltr'>quoe</span> <span class='ocrx_word' id='word_1_219' title='bbox 2578 3698 2805 3749; x_wconf 83' lang='lat' dir='ltr'>pronun-</span> 
     </span>
     <span class='ocr_line' id='line_1_73' title="bbox 1750 3756 2800 3825; baseline 0.004 -20"><span class='ocrx_word' id='word_1_220' title='bbox 1750 3756 1947 3821; x_wconf 75' lang='lat' dir='ltr'>tianda,</span> <span class='ocrx_word' id='word_1_221' title='bbox 1988 3760 2313 3825; x_wconf 69' lang='lat' dir='ltr'>mul-yemar,</span> <span class='ocrx_word' id='word_1_222' title='bbox 2355 3760 2656 3824; x_wconf 71' lang='lat' dir='ltr'>mul-yeres‚</span> <span class='ocrx_word' id='word_1_223' title='bbox 2710 3760 2800 3809; x_wconf 74' lang='lat' dir='ltr'>ab·</span> 
     </span>
     <span class='ocr_line' id='line_1_74' title="bbox 1749 3834 2799 3899; baseline 0.003 -19"><span class='ocrx_word' id='word_1_224' title='bbox 1749 3846 1896 3895; x_wconf 73' lang='lat' dir='ltr'>yero,</span> <span class='ocrx_word' id='word_1_225' title='bbox 1934 3836 2233 3897; x_wconf 81' lang='lat' dir='ltr'>per-yerim‚</span> <span class='ocrx_word' id='word_1_226' title='bbox 2270 3834 2540 3899; x_wconf 69' lang='lat' dir='ltr'>red-ytrit,</span> <span class='ocrx_word' id='word_1_227' title='bbox 2583 3841 2799 3898; x_wconf 64' lang='lat' dir='ltr'>prater-</span> 
     </span>
     <span class='ocr_line' id='line_1_75' title="bbox 1751 3908 2801 3975; baseline 0.001 -19"><span class='ocrx_word' id='word_1_228' title='bbox 1751 3908 1920 3973; x_wconf 73' lang='lat' dir='ltr'>yeritz</span> <span class='ocrx_word' id='word_1_229' title='bbox 1943 3922 2113 3974; x_wconf 84' lang='lat' dir='ltr'>neque</span> <span class='ocrx_word' id='word_1_230' title='bbox 2136 3910 2351 3975; x_wconf 75' lang='lat' dir='ltr'>syllaba,</span> <span class='ocrx_word' id='word_1_231' title='bbox 2372 3924 2487 3973; x_wconf 66' lang='lat' dir='ltr'>quo</span> <span class='ocrx_word' id='word_1_232' title='bbox 2510 3912 2527 3959; x_wconf 86' lang='lat' dir='ltr'>i</span> <span class='ocrx_word' id='word_1_233' title='bbox 2549 3909 2601 3958; x_wconf 86' lang='lat' dir='ltr'>in</span> <span class='ocrx_word' id='word_1_234' title='bbox 2623 3922 2801 3958; x_wconf 80' lang='lat' dir='ltr'>conso-</span> 
     </span>
     <span class='ocr_line' id='line_1_76' title="bbox 1751 3984 2801 4048; baseline 0 -17"><span class='ocrx_word' id='word_1_235' title='bbox 1751 3995 1869 4032; x_wconf 81' lang='lat' dir='ltr'>nam</span> <span class='ocrx_word' id='word_1_236' title='bbox 1893 3998 2091 4033; x_wconf 77' lang='lat' dir='ltr'>versam</span> <span class='ocrx_word' id='word_1_237' title='bbox 2110 3984 2381 4048; x_wconf 64' lang='lat' dir='ltr'>precedit,</span> <span class='ocrx_word' id='word_1_238' title='bbox 2394 3984 2678 4033; x_wconf 81' lang='lat' dir='ltr'>mutatione</span> <span class='ocrx_word' id='word_1_239' title='bbox 2698 3984 2801 4031; x_wconf 78' lang='lat' dir='ltr'>ista</span> 
     </span>
     <span class='ocr_line' id='line_1_77' title="bbox 1754 4056 2799 4121; baseline 0.001 -16"><span class='ocrx_word' id='word_1_240' title='bbox 1754 4070 1957 4120; x_wconf 85' lang='lat' dir='ltr'>semper</span> <span class='ocrx_word' id='word_1_241' title='bbox 1980 4058 2300 4120; x_wconf 78' lang='lat' dir='ltr'>producitur.</span> <span class='ocrx_word' id='word_1_242' title='bbox 2372 4056 2543 4121; x_wconf 80' lang='lat' dir='ltr'>Hujus</span> <span class='ocrx_word' id='word_1_243' title='bbox 2564 4057 2799 4120; x_wconf 76' lang='lat' dir='ltr'>exempla</span> 
     </span>
     <span class='ocr_line' id='line_1_78' title="bbox 1750 4130 2799 4197; baseline -0.002 -17"><span class='ocrx_word' id='word_1_244' title='bbox 1750 4130 1904 4194; x_wconf 81' lang='lat' dir='ltr'>plura</span> <span class='ocrx_word' id='word_1_245' title='bbox 1938 4141 2061 4183; x_wconf 73' lang='lat' dir='ltr'>sunt</span> <span class='ocrx_word' id='word_1_246' title='bbox 2098 4134 2235 4197; x_wconf 74' lang='lat' dir='ltr'>apud</span> <span class='ocrx_word' id='word_1_247' title='bbox 2277 4132 2542 4193; x_wconf 81' lang='lat' dir='ltr'>Plautum,</span> <span class='ocrx_word' id='word_1_248' title='bbox 2558 4130 2665 4194; x_wconf 75' lang='lat' dir='ltr'>ubi,</span> <span class='ocrx_word' id='word_1_249' title='bbox 2690 4144 2799 4179; x_wconf 89' lang='lat' dir='ltr'>mu-</span> 
     </span>
     <span class='ocr_line' id='line_1_79' title="bbox 1751 4206 2797 4274; baseline 0 -18"><span class='ocrx_word' id='word_1_250' title='bbox 1751 4206 1864 4273; x_wconf 87' lang='lat' dir='ltr'>lier,</span> <span class='ocrx_word' id='word_1_251' title='bbox 1884 4210 2075 4274; x_wconf 82' lang='lat' dir='ltr'>potius,</span> <span class='ocrx_word' id='word_1_252' title='bbox 2096 4208 2324 4274; x_wconf 86' lang='lat' dir='ltr'>probior,</span> <span class='ocrx_word' id='word_1_253' title='bbox 2344 4213 2401 4258; x_wconf 85' lang='lat' dir='ltr'>et</span> <span class='ocrx_word' id='word_1_254' title='bbox 2424 4206 2613 4257; x_wconf 76' lang='lat' dir='ltr'>similes</span> <span class='ocrx_word' id='word_1_255' title='bbox 2642 4220 2797 4256; x_wconf 82' lang='lat' dir='ltr'>voces</span> 
     </span>
    </p>
   </div>
   <div class='ocr_carea' id='block_1_15' title="bbox 3212 1240 3217 2048">
    <p class='ocr_par' dir='ltr' id='par_1_27' title="bbox 3212 1240 3217 2048">
     <span class='ocr_line' id='line_1_80' title="bbox 3212 1240 3217 2048; baseline 0 0"><span class='ocrx_word' id='word_1_256' title='bbox 3212 1240 3217 2048; x_wconf 95' lang='lat' dir='ltr'> </span> 
     </span>
    </p>
   </div>
  </div>
 </body>
</html>
