3234 4934
979 386 1077 436 na
1121 387 1528 438 ‘rnAoOEmA
1581 389 1673 436 ΒΤ
1718 390 2097 440 coutimur.
2469 423 2491 444 .
2540 380 2631 444 47

451 525 887 588 madvertimus.
974 523 1166 604 Hujus
1195 535 1392 586 autem
1443 527 1687 607 orig-inis
1728 531 1877 596 ratio
1922 533 1997 594 ab
2040 533 2253 594 exteris
2296 534 2627 596 civitatibus

453 623 824 702 moribusque
849 621 1128 701 pervenit.
1209 617 1600 684 Athenienses
1636 645 1911 704 namque,
1939 628 2197 688 Atticam
2226 628 2629 690 custodientes

453 718 828 798 elegantiam,
855 735 990 780 cum
1017 717 1234 780 vellent
1267 720 1420 778 male
1445 721 1709 781 viventes
1740 734 1963 794 notare,
2008 725 2067 783 in
2096 725 2259 785 vicos
2286 736 2348 785 et
2375 726 2637 804 compita

453 835 528 876 ex
553 816 824 876 omnibns
849 815 996 875 locis
1025 813 1146 874 loeti
1173 813 1519 895 alacresque
1539 817 1892 877 veniebant:
1922 819 2119 899 ibique
2138 839 2273 879 cum
2299 815 2631 881 nominibus

451 912 812 992 singulorum
840 913 1018 972 vitam
1055 911 1472 990 publicabant:
1533 910 1693 970 unde
1738 933 1952 974 nomen
1985 917 2393 995 compositum,
2420 931 2490 976 ut
2515 915 2635 976 Co·

452 1009 668 1070 moedia
691 1018 1021 1070 vocaretur.
1105 1007 1256 1068 Haec
1283 1017 1478 1065 autem
1506 1007 1768 1068 carmina
1796 1009 1855 1068 in
1884 1011 2066 1089 pratis
2094 1012 2342 1091 primum
2360 1012 2635 1074 mollibus

450 1107 796 1186 agebantur.
865 1105 996 1166 Nec
1023 1103 1268 1163 deerant
1291 1102 1557 1182 praemia,
1585 1105 1799 1182 quibus
1830 1106 1906 1166 ad
1935 1107 2309 1166 scribendum
2325 1105 2635 1169 doctorum

453 1211 906 1282 provocarentur
927 1200 1200 1280 ingeniaz
1246 1199 1354 1260 sed
1395 1208 1456 1259 et
1483 1201 1779 1260 actoribus
1796 1205 2055 1262 'munera
2082 1201 2491 1276 offerebantur,
2519 1223 2637 1283 quo

448 1298 728 1360 libentius
745 1296 1016 1378 jucundo
1053 1296 1216 1357 vocis
1243 1296 1402 1356 flexu
1448 1295 1524 1355 ad
1554 1295 1929 1358 dulcedinem
1959 1297 2481 1359 commendationis
2508 1309 2639 1362 ute·-

449 1405 670 1457 rentur.
743 1395 936 1486 Caper
963 1411 1214 1472 namque
1247 1411 1352 1472 pro
1379 1391 1554 1452 donis
1584 1392 1676 1452 his
1698 1393 1967 1466 dabatur,
1992 1394 2131 1473 quia
2156 1393 2369 1454 vitibus
2396 1396 2637 1456 noxium

452 1492 670 1550 animal
694 1490 1056 1551 habebatur:
1109 1508 1146 1548 a
1185 1508 1304 1568 quo
1349 1489 1527 1548 etiarn
1580 1489 1907 1570 Tragoedioe
1963 1508 2176 1550 nomen
2218 1500 2484 1550 exortum
2526 1503 2637 1552 est.

453 1586 738 1648 Nonnulli
777 1595 972 1647 autem
1003 1606 1078 1647 ex
1127 1604 1366 1646 amurca
1411 1586 1526 1644 olei
1577 1585 1745 1660 faece,
1792 1605 1927 1666 qnae
1968 1595 2062 1646 est
2106 1586 2315 1646 humor
2341 1587 2637 1665 aquatilia,

450 1681 818 1762 Tragoediam
845 1679 965 1740 dici
993 1671 1304 1760 vocarique
1343 1680 1705 1741 maluerunt.
1788 1681 1907 1750 Qui
1941 1681 2066 1740 ludi
2094 1699 2228 1740 cum
2252 1701 2357 1762 per
2383 1681 2636 1743 artifices

447 1779 506 1838 in
534 1778 818 1839 honorem
867 1777 1056 1836 Liberi
1096 1777 1280 1858 patris
1319 1787 1657 1856 agerentur,
1696 1777 1873 1838 etiam
1897 1777 2012 1857 ipsi
2043 1776 2473 1839 Comoediarum
2502 1778 2641 1839 Tra-

453 1873 894 1953 goediarumque
948 1871 1265 1950 scriptores
1323 1871 1506 1950 hujus
1558 1871 1693 1945 Dei,
1720 1873 1887 1932 velut
1928 1873 2133 1952 patris,
2178 1894 2397 1935 numen
2444 1873 2639 1936 colere

451 1969 830 2046 venerarique
877 1975 1201 2044 coeperunt.
1301 1965 1492 2044 Cujus
1543 1967 1625 2025 rei
1670 1968 1991 2045 probabilis
2038 1969 2186 2029 ratio
2232 1970 2447 2031 extitit.
2547 1972 2640 2031 Ita

451 2063 604 2126 enirn
633 2063 894 2124 carmina
918 2062 1194 2122 inchoata
1215 2061 1685 2140 proferebantur,
1716 2072 1791 2121 ut·
1801 2082 1907 2141 per
1922 2082 1996 2122 ea
2014 2063 2222 2123 laudes
2250 2065 2377 2143 ejus
2402 2075 2465 2125 et
2480 2067 2642 2126 facta

447 2158 708 2239 gloriosa
732 2157 1012 2218 celebrari
1040 2156 1397 2236 proferrique
1427 2165 1727 2218 constaret
1746 2179 1765 2218 ι
1811 2170 1935 2218 tum
1964 2159 2248 2239 paulatim
2275 2160 2433 2219 sarna
2462 2160 2637 2240 hujus

450 2256 592 2316 artis
617 2253 921 2316 increbuit.
1014 2251 1266 2332 Thespis
1317 2262 1512 2311 autem
1560 2253 1783 2332 primus
1831 2253 1963 2313 haec
2014 2255 2233 2333 scripta
2274 2257 2334 2315 in
2378 2255 2640 2316 omnium

449 2353 720 2420 notitiam
746 2349 1010 2430 protulit.
1093 2346 1316 2408 Postea
1337 2348 1679 2428 AEschylus,
1710 2361 1951 2410 secutus
1991 2352 2345 2431 exemplum,
2374 2351 2639 2432 publica·

449 2451 550 2510 vit.
635 2448 728 2508 De
751 2447 963 2527 quibus
983 2445 1070 2506 ita
1091 2444 1374 2504 Horatius
1401 2444 1463 2503 in
1486 2445 1635 2504 Arte
1664 2445 1909 2505 Poetica
1934 2445 2193 2526 loquitur
2212 2465 2230 2506 t

611 2591 886 2670 Ignotum
906 2587 1174 2668 Tragicae
1204 2606 1392 2667 genus
1420 2587 1717 2648 invenisse
1744 2606 2031 2648 camoenae

613 2684 866 2759 Dicitur,
895 2692 958 2744 et
983 2683 1258 2763 plaustris
1287 2681 1519 2743 vexisse
1547 2683 1825 2760 poemata
1844 2681 2117 2762 Thespis,

613 2779 764 2849 Quae
793 2789 1075 2840 canerent
1098 2787 1455 2858 agerentque
1485 2777 1755 2855 peruncti
1782 2776 2029 2837 fascibus
2056 2797 2179 2837 ora.

610 2873 761 2936 Post
783 2875 944 2934 hunc
971 2891 1242 2952 personae
1271 2870 1565 2950 pallaeque
1593 2880 1854 2949 repertor
1880 2869 2148 2932 honestae

617 2969 933 3050 AEschylus
962 2977 1024 3027 et
1050 2964 1300 3025 modicis
1327 2963 1597 3023 instravit
1626 2962 1857 3042 pulpita
1884 2966 2085 3042 tignis,

611 3063 691 3124 Et
716 3060 918 3122 docuit
942 3077 1339 3139 magnumque
1368 3056 1551 3136 loqui,
1581 3057 1803 3137 nitique
1831 3059 2145 3119 cothurno.

615 3158 915 3220 Successit
943 3168 1112 3218 vetus
1137 3154 1234 3215 hic
1263 3152 1570 3214 Comoedia
1592 3173 1710 3213 non
1741 3154 1869 3214 sine
1894 3155 2083 3214 multa

617 3254 820 3316 Laude
846 3275 863 3315 ε
909 3252 1016 3314 sed
1043 3253 1103 3312 in
1129 3251 1333 3311 vitium
1363 3247 1599 3309 libertas
1630 3248 1869 3322 excidit,
1899 3257 1961 3310 et
1988 3249 2101 3310 vim

612 3351 872 3432 Dignam
895 3349 1029 3428 lege
1056 3347 1217 3426 regi:
1261 3348 1358 3406 lex
1386 3355 1482 3406 est
1507 3357 1787 3424 accepta:
1830 3346 2163 3428 chorusque

611 3445 882 3528 Turpiter
909 3443 1153 3505 obticuit
1175 3442 1408 3502 sublato
1428 3441 1562 3521 jure
1592 3440 1868 3501 nocendi.

615 3541 718 3602 Nil
745 3543 1097 3601 intentatum
1127 3537 1312 3599 nostri
1338 3537 1562 3618 liquere
1590 3539 1820 3617 poetas:

471 3673 488 3684 ·
615 3635 746 3698 Nec
773 3637 1071 3696 minimum
1097 3655 1357 3696 meruere
1385 3633 1588 3707 decus,
1616 3633 1865 3714 vestigia
1890 3634 2104 3694 Graeca

616 3731 761 3791 Ausi
789 3730 1077 3804 deserere,
1105 3740 1167 3792 et
1192 3730 1489 3792 celebrare
1520 3729 1851 3791 domestica
1877 3730 2055 3804 facta,

617 3825 730 3889 Vel
758 3827 860 3908 qui
885 3835 1224 3905 proetextas,
1254 3824 1345 3885 vel
1374 3823 1474 3904 qui
1504 3824 1760 3885 docuere
1786 3835 2044 3904 togatas.

539 3978 766 4041 Fabula
792 3976 1065 4058 generale
1101 3993 1314 4034 nomen
1343 3986 1472 4041 ests
1525 3973 1655 4053 ejus
1684 3970 1821 4031 due
1856 3974 2056 4052 primes
2084 3981 2282 4050 partes
2313 3977 2469 4040 sunt,
2499 3965 2644 4028 Tra·

458 4077 654 4158 goedia
672 4085 733 4136 et
754 4072 1078 4136 Comoedia.
1135 4071 1200 4130 Si
1227 4071 1433 4131 Latina
1459 4068 1890 4149 argumentatio
1910 4069 2009 4142 sit,
2036 4075 2391 4146 praetextata
2411 4063 2642 4123 dicitur.

462 4172 770 4234 Comoedia
795 4183 994 4234 autem
1019 4169 1236 4232 multas
1263 4167 1490 4248 species
1517 4166 1714 4225 habet.
1798 4164 1921 4225 Aut
1951 4165 2107 4223 enirn
2134 4161 2375 4242 palliata
2396 4168 2511 4232 est,
2541 4168 2645 4218 aut
