3234 4934
899 414 995 463 nn
1045 414 1378 462 nxrrouu
1427 414 1665 463 Meu-m
1716 414 2221 473 reuisurum.
2526 400 2655 467 201

467 576 615 627 rum,
641 555 740 615 uhi
786 564 914 615 tota
939 576 1032 617 res
1077 555 1374 617 fusissime
1415 555 1766 635 explicatur,
1808 566 1871 615 et
1912 554 2237 615 innumeris
2282 556 2659 618 confirmatur

467 652 768 731 exemplis.
879 653 958 713 Et
1005 662 1185 724 certe,
1235 653 1286 713 si
1335 652 1414 711 sd
1459 653 1618 713 hanc
1672 652 2003 713 liberiorem
2047 661 2311 711 veterum
2350 652 2655 731 poetarum

467 768 730 809 normam
761 748 866 808 viri
893 748 1131 829 ingenio
1159 761 1222 810 et
1261 748 1536 809 doctrina
1559 748 1979 827 spectatissimi
2016 746 2337 807 Goveanus
2366 756 2427 806 et
2456 747 2657 807 Mure·

469 852 566 904 tus
607 844 751 904 satis
801 844 1218 915 attendissent,
1263 843 1424 903 haud
1455 854 1685 903 tantum
1714 844 1826 903 sibi
1874 844 1933 902 in
1976 842 2341 903 immutando
2382 843 2661 905 Terentio

469 938 787 1013 licentiam,
833 950 1042 1001 contra
1075 939 1430 1020 optimorum
1474 939 1749 1000 codicum
1795 938 2227 1011 auctoritatem,
2267 948 2487 999 temere
2516 938 2657 999 arri-

467 1035 762 1113 puissent.
845 1036 988 1111 Sed,
1018 1036 1160 1097 dum
1187 1036 1383 1098 omnia
1419 1036 1500 1098 ad
1541 1036 1861 1097 hodiernae
1890 1036 2057 1097 metri
2082 1019 2389 1115 Virgiliani
2419 1034 2655 1115 regulas

467 1150 678 1211 cogere
723 1132 1098 1207 studuerunt,
1125 1136 1436 1195 verborum
1465 1134 1729 1195 ordinem
1775 1135 2083 1207 invertere,
2110 1152 2287 1193 voces
2316 1132 2659 1191 minutiores

465 1245 574 1307 pro
597 1227 770 1289 libitu
797 1227 1016 1291 addere
1037 1231 1132 1291 vel
1161 1231 1490 1303 detrahere,
1519 1250 1723 1292 versus
1758 1249 1919 1291 nunc
1962 1230 2103 1303 hoc,
2147 1250 2305 1290 nunc
2332 1228 2449 1289 alio
2477 1228 2658 1287 modo

470 1342 669 1384 secare
698 1344 820 1383 non
869 1337 1012 1385 sunt
1037 1326 1201 1386 veriti
1227 1346 1244 1394 ς
1289 1326 1440 1386 adeo
1488 1336 1555 1387 ut
1580 1325 1881 1386 nonnullis
1918 1325 1979 1385 in
2022 1325 2169 1386 locis
2198 1345 2309 1385 sua
2341 1324 2519 1405 plane
2546 1323 2661 1382 Te·

468 1419 660 1479 rentio
686 1429 974 1479 venustas
1001 1422 1248 1500 periisse
1275 1420 1586 1483 videatur:
1629 1422 1763 1502 quis
1792 1420 1949 1481 enim
1984 1422 2145 1481 hunc
2170 1422 2477 1483 verborum
2505 1419 2661 1480 ordi-

468 1533 605 1575 nem
632 1500 985 1575 Terentiana
1011 1516 1306 1596 elegantia
1333 1516 1580 1597 dignum
1611 1515 1811 1577 dicet?

631 1644 856 1704 Omnes
883 1643 944 1703 in
971 1645 1138 1706 lauta
1162 1656 1224 1706 te
1247 1654 1309 1707 et
1333 1647 1488 1707 bene
1511 1655 1683 1727 parte
1710 1655 1888 1707 aucta
1914 1656 2147 1725 putant.

471 1772 680 1854 Neque
709 1775 784 1834 ab
813 1774 1129 1856 exemplari
1159 1773 1493 1835 Muretiano
1521 1774 1667 1835 satis
1698 1773 1809 1834 sibi
1837 1775 2065 1835 cavisse
2092 1772 2327 1835 videtur
2350 1772 2445 1832 Cl.
2476 1770 2663 1829 Hein-

469 1868 592 1928 sius
619 1888 636 1929 :
678 1870 801 1950 qui,
829 1890 1168 1951 quanquam
1196 1871 1460 1950 plurimis
1490 1871 1551 1929 in
1581 1870 1730 1931 locis
1760 1870 2203 1932 emendationes
2243 1868 2453 1929 Faerni
2496 1888 2528 1928 e
2556 1867 2664 1927 lib.

473 1960 680 2024 Bemb.
711 1976 948 2027 secutus
977 1968 1076 2040 sit,
1121 1966 1384 2026 ordinem
1423 1976 1623 2027 tamen
1652 1968 1961 2027 verborum
2004 1988 2040 2027 a
2088 1966 2324 2025 Mureto
2366 1966 2661 2024 turbatum

471 2058 558 2119 ita
588 2079 748 2138 soepe
776 2080 895 2120 non
940 2061 1299 2134 emendavit,
1341 2072 1430 2135 ut,
1479 2071 1730 2139 utraque
1778 2062 1953 2121 simul
1998 2062 2260 2121 admissa
2284 2061 2559 2132 lectione,
2588 2078 2664 2117 ne

471 2166 725 2214 metrum
754 2155 989 2234 quidem
1033 2156 1227 2235 ipsum
1257 2165 1531 2217 constet:
1575 2154 1736 2235 quod
1779 2175 1854 2217 ne
1881 2165 2099 2218 temere
2128 2156 2349 2216 dictum
2377 2154 2665 2224 videatur,

472 2268 654 2309 unum
683 2260 787 2309 aut
813 2250 1060 2311 alterum
1087 2250 1420 2331 exemplum
1451 2269 1769 2331 apponam.
1854 2250 2072 2313 Heaut.
2104 2272 2169 2314 v.
2195 2257 2255 2314 4.
2290 2254 2387 2312 12.
2414 2250 2553 2311 olim
2581 2250 2667 2309 ita

472 2342 818 2424 leg-ebatur:

637 2458 775 2519 Non
800 2467 943 2519 sunt
970 2458 1240 2539 hoeejam
1255 2460 1536 2540 parentis
1561 2458 1726 2521 dicta
1746 2478 1768 2519 .·
1808 2479 1928 2521 non
1956 2461 2009 2519 εἰ
2036 2478 2103 2521 eae
2130 2460 2321 2540 capite
2347 2459 2431 2519 sis
2457 2476 2576 2519 meo
2598 2478 2619 2517 .·

475 2587 576 2666 qui
605 2604 827 2659 versus,
856 2606 990 2647 eum
1037 2587 1324 2647 iambicus
1367 2588 1522 2647 inter
1563 2587 1894 2648 trochaicos
1939 2586 2177 2647 Mureto
2221 2584 2499 2646 ferendus
2546 2602 2666 2644 non

473 2680 792 2757 videretur,
817 2683 904 2743 ita
930 2683 1006 2743 ab
1033 2682 1138 2743 ino
1165 2693 1259 2745 est
1285 2693 1584 2745 mutatus:

636 2812 776 2873 Non
803 2820 946 2873 sunt
974 2812 1247 2893 aeaecjam
1273 2812 1434 2874 dicta
1453 2816 1764 2893 parentis.-
1804 2831 1923 2873 non
1951 2813 2006 2873 εἰ
2031 2831 2099 2871 ex
2125 2812 2319 2892 capite
2342 2812 2423 2871 sis
2448 2828 2570 2870 meo
2587 2829 2607 2867 .·

477 2958 616 2999 cum
644 2948 842 2999 autem
871 2950 1030 3000 recte
1057 2952 1326 3000 moneret
1354 2940 1619 3000 FaErnus
1640 2940 1904 3000 voculam
1918 2944 2054 3019 jam
2083 2941 2139 2999 in
2165 2939 2439 2999 omnibus
2465 2937 2673 2997 deesse

479 3034 633 3095 Mss.
677 3033 764 3093 sie
819 3034 1028 3095 melius
1085 3044 1358 3095 constare
1413 3035 1826 3104 trochaicum;
1898 3034 2139 3095 sustulit
2192 3054 2323 3095 eam
2366 3033 2673 3103 Heinsius,

479 3130 586 3194 sed
627 3130 894 3192 ordinem
937 3133 1244 3193 verborum
1296 3132 1671 3215 sequentium
1726 3131 1889 3193 dicta
1926 3132 2202 3211 parentis
2242 3150 2362 3189 non
2405 3130 2675 3191 animad-

475 3224 671 3299 vertit,
719 3227 820 3305 qui
868 3226 952 3286 ita
991 3246 1184 3306 neque
1225 3228 1512 3288 iambicus
1555 3246 1749 3305 neque
1793 3226 2127 3287 trochaicus
2158 3225 2285 3298 erit,
2327 3225 2441 3286 nisi
2482 3226 2672 3306 legaS,

477 3332 546 3382 ut
570 3320 734 3395 olim,
765 3324 1043 3401 parentis
1079 3321 1266 3385 dicta.
1367 3322 1465 3384 Sic
1507 3321 1767 3403 Adelph.
1816 3341 1883 3384 v.
1925 3324 1985 3382 2.
2033 3324 2125 3382 14.
2170 3341 2303 3383 cum
2332 3321 2473 3383 olim
2512 3321 2674 3403 lege-

479 3426 678 3478 retur:

637 3528 786 3588 Alia
813 3549 992 3591 cura.-
1023 3549 1210 3610 porro
1237 3538 1430 3592 autem
1457 3506 1599 3593 dun·
1626 3530 1831 3615 studeo
1859 3530 1987 3591 illis
2008 3538 2077 3593 ιιι
2106 3551 2275 3613 qum
2292 3531 2615 3612 plurimum
2634 3554 2657 3601 .-

484 3660 760 3724 Muretus
789 3670 882 3742 (ut
908 3678 1210 3730 constaret
1233 3669 1596 3745 trochaicus)
1623 3669 1705 3730 ita
1730 3668 1965 3730 invertit
1982 3688 2005 3728 t

651 3776 798 3838 Alia
823 3797 966 3839 cura
984 3799 1005 3837 .·
1036 3799 1226 3858 porro
1253 3790 1446 3843 autem
1474 3782 1601 3843 illis
1628 3783 1766 3844 dum
1792 3782 1994 3843 studeo
2020 3789 2089 3841 ut
2116 3801 2172 3865 q.
2191 3802 2261 3861 p.

565 3906 836 3967 Faiirnus
864 3927 899 3968 e
929 3906 1082 3969 Mss.
1113 3927 1220 3989 pro
1258 3928 1448 3989 porro
1477 3908 1730 3971 restituit
1768 3909 1919 3982 Incia,
1960 3909 2125 3988 quod
2149 3920 2209 3970 et
2246 3927 2477 3970 versum
2508 3918 2682 3970 sanat

483 4004 710 4083 absque
735 4006 854 4065 ista
877 4004 1232 4067 inversione.
1315 4004 1598 4066 Heinsius
1628 4015 1829 4067 autem
1864 4004 2129 4067 admissa
2154 4023 2322 4076 voce,
2357 4004 2513 4076 heia,
2539 4004 2683 4065 dum

485 4101 858 4178 sequentium
884 4104 1197 4164 verborum
1245 4102 1512 4163 ordinem
1542 4103 1853 4182 antiquum
1892 4103 2197 4163 restituere
2225 4100 2511 4179 neglexit,
2550 4119 2680 4160 ver-

489 4214 619 4256 sum
642 4215 886 4276 prorsus
914 4199 1198 4281 corrupit.
1279 4199 1504 4265 Eodem
1549 4199 1729 4261 modo
1756 4201 1807 4261 si
1836 4197 1989 4259 inter
2014 4195 2256 4259 voculas
2284 4196 2459 4270 duas,
2504 4203 2677 4279 (quas
