3234 4934
985 444 1082 493 ns
1129 440 1408 491 Marsis
1453 428 1994 491 wenemarus.
2460 426 2592 491 253

385 598 510 647 tum
553 586 614 644 in
650 586 858 647 ultima
889 584 1090 657 habet,
1137 596 1349 666 praeter
1373 587 1608 645 unicam
1636 584 1819 658 illam,
1848 582 2075 643 virum:
2116 582 2481 661 idque'recte
2510 586 2587 645 ob

387 701 642 761 sequens
672 682 1008 753 encliticon,
1038 701 1192 760 que:
1243 682 1406 761 quod
1447 682 1541 741 bic
1572 682 1751 740 semel
1784 680 2025 751 dictum,
2054 680 2115 738 in
2144 679 2421 741 Terentio
2447 699 2587 760 pas-

386 780 494 841 sim
519 778 665 849 fieri,
693 777 1145 837 animadvertes.
1239 776 1405 837 Idem
1433 776 1697 837 efficiunt
1729 794 1843 849 xz,
1871 795 1975 846 rs,
2006 794 2077 835 sn
2102 794 2117 835 t
2166 775 2441 835 Miseram
2474 798 2589 860 me,

385 874 551 953 qnod
579 875 818 934 verbum
852 872 1078 933 audio?
1123 873 1342 951 quippe
1382 870 1514 930 hoec
1543 870 1789 941 Latinis,
1820 880 1887 929 ut
1914 870 2113 942 etiam,
2144 890 2287 942 rem,
2312 871 2591 932 enclitica

389 980 550 1043 sunt,
581 985 646 1031 ut
671 968 901 1029 Graecis
944 968 1082 1040 ME,
1123 968 1241 1029 ΣΕ.
1325 966 1550 1026 Eadem
1576 975 1675 1026 est
1699 974 1760 1025 et
1782 965 2256 1044 interrogationis
2284 964 2412 1035 νίας
2463 964 2589 1027 sive

383 1082 523 1125 cum
551 1084 630 1125 ne
655 1064 952 1137 enclitico,
979 1062 1102 1124 sive
1125 1064 1352 1142 absque
1375 1083 1473 1123 ne.
1531 1063 1602 1121 ln
1624 1061 1739 1121 hac
1765 1061 1945 1141 igitur
1966 1060 2381 1121 concinnitatis
2408 1061 2587 1122 laude

383 1161 640 1240 palmam
667 1160 937 1219 omnibus
967 1158 1274 1239 praeripuit
1297 1157 1647 1225 Terentius;
1677 1175 1925 1234 eamque
1954 1166 2022 1215 ut
2047 1158 2329 1235 consequi
2357 1170 2581 1237 posset,

381 1263 452 1315 ut
476 1268 538 1316 et
562 1257 776 1315 vetitos
805 1256 960 1314 ictus
989 1254 1292 1332 effugeret,
1321 1264 1383 1313 et
1404 1252 1695 1333 vocabula
1717 1263 1911 1312 tamen
1944 1251 2407 1330 significantiora
2436 1272 2587 1314 sem-

387 1370 492 1431 per
521 1352 634 1411 sub
663 1352 783 1410 ictu
811 1360 1094 1427 poneret;
1145 1367 1266 1407 non
1309 1348 1556 1407 minore.
1577 1346 1778 1407 studio
1814 1346 2156 1426 judicioque
2182 1348 2363 1407 verba
2386 1346 2587 1427 dispo-

385 1447 528 1519 suit,
567 1456 631 1504 et
657 1464 694 1504 a
719 1462 914 1524 prosae
940 1442 1222 1503 orationis
1251 1442 1456 1503 ordine
1485 1440 1762 1502 decenter
1802 1442 2055 1514 invertit,
2094 1461 2269 1523 quam
2312 1444 2588 1503 mirificus

385 1540 592 1619 iubae
615 1539 858 1598 materie
887 1537 1096 1599 artifex
1120 1538 1248 1615 ipse
1274 1536 1580 1615 Virgilius.
1624 1566 1633 1571 ·

465 1634 808 1694 Priscianus
836 1632 913 1693 de
939 1632 1210 1693 versibus
1237 1632 1482 1691 comicis
1511 1640 1731 1704 narrat,
1762 1638 1779 1667 ‘
1800 1632 1983 1693 fuisse
2010 1631 2324 1711 quosdam,
2352 1634 2453 1712 qui
2483 1633 2588 1695 ab·

389 1742 678 1810 negarent
703 1729 826 1789 ulla
853 1747 986 1788 esse
1013 1726 1076 1786 in
1103 1727 1364 1788 Terentii
1393 1726 1709 1787 Comoediis
1740 1737 1968 1787 metra:
2007 1726 2100 1787 vel
2148 1747 2239 1800 ea,
2282 1732 2453 1808 quasi
2495 1749 2589 1790 ar·

379 1844 536 1884 cana
563 1824 839 1904 quaedam
870 1834 932 1883 et
957 1825 1032 1883 ab
1058 1822 1327 1882 omnibus
1357 1821 1552 1883 doctis
1581 1830 1829 1893 semota,
1874 1822 1985 1882 sibi
2012 1822 2157 1882 solis
2186 1843 2319 1885 esse
2346 1826 2588 1905 cognita

385 1920 840 1978 confirmarent!
922 1915 1146 1975 Ibidem
1177 1916 1280 1987 ait,
1330 1922 1348 1950 ‘
1375 1915 1602 1973 Omnes
1631 1915 1865 1992 quidem
1900 1916 2177 1976 Comicos
2200 1919 2419 1981 crebris
2448 1942 2590 2002 syn-

385 2012 632 2091 aloephis
661 2022 724 2071 et
749 2009 1207 2090 episynaloephis
1240 2020 1303 2068 et
1349 2008 1757 2069 collisionibus
1784 2020 1847 2069 et
1872 2011 2298 2089 abjectionibus
2330 2017 2371 2074 S
2402 2016 2587 2079 literae

385 2107 572 2169 fuisse
621 2125 763 2167 usos
811 2104 1158 2166 scandendo
1204 2123 1408 2163 versus
1459 2121 1637 2171 suos3
1680 2102 2091 2163 Tanannuu
2148 2126 2376 2168 suram
2423 2130 2585 2173 nus

391 2190 738 2265 ornamus?
814 2200 1033 2259 Verum
1063 2199 1326 2278 profecto
1352 2197 1466 2258 hoc
1495 2208 1627 2265 estz
1670 2210 1731 2257 et
1756 2218 1941 2259 causa
1981 2202 2175 2274 unica,
2217 2221 2322 2261 cur
2366 2207 2587 2285 magis-

381 2296 510 2359 teni
563 2296 663 2357 isti
711 2293 805 2357 vel
859 2303 1149 2374 negarent
1193 2303 1379 2355 metra
1421 2314 1554 2353 esse
1600 2292 1760 2373 apud
1808 2295 2114 2369 Nostrum,
2157 2298 2247 2356 vel
2277 2309 2343 2359 ut
2368 2318 2589 2364 arcana

385 2391 663 2473 quaedam
704 2388 1096 2453 venditarent.
1182 2389 1360 2459 Quod
1391 2410 1530 2451 vero
1557 2389 1656 2451 hic
1684 2390 1944 2469 queritur
1971 2400 2033 2450 et
2060 2392 2394 2453 criminatur
2420 2416 2589 2477 mag-

359 2507 499 2551 .nus
528 2484 970 2567 grammaticus,
1011 2504 1130 2545 non
1179 2486 1380 2545 vitium
1429 2498 1542 2561 est,
1585 2483 1693 2545 sed
1721 2487 1907 2546 virtus
1930 2484 2188 2547 Terentii
2214 2490 2441 2570 prima:
2484 2493 2585 2571 qui

383 2580 766 2661 synaloepbas
794 2580 926 2640 illas
955 2579 1100 2641 data
1127 2599 1308 2660 opera
1334 2590 1715 2640 consectatus
1746 2590 1877 2649 est3
1919 2600 2038 2659 quo
2069 2582 2315 2662 syllabae
2357 2584 2584 2647 ultimae

385 2678 779 2757 liquescerent
804 2678 1322 2755 coalescerentque
1349 2696 1484 2737 cum
1521 2676 1941 2756 sequentibus3
1992 2696 2181 2757 eoque
2212 2678 2371 2738 vetiti
2400 2698 2471 2740 ac
2500 2682 2586 2741 vi-

382 2772 520 2836 tiosi
546 2772 608 2831 in
640 2772 858 2832 ultimis
885 2774 1038 2833 ictus
1069 2770 1379 2831 artificiose
1407 2770 1827 2851 effugerentur.
1889 2772 2004 2831 Hae
2032 2792 2169 2833 vero
2198 2774 2583 2853 synaloephoe,

387 2884 524 2946 quae
554 2870 829 2929 tenebras
865 2867 1003 2929 olim
1048 2866 1347 2945 magistris
1392 2866 1751 2939 offuderunt,
1784 2866 1909 2945 jam
1958 2868 2017 2926 in
2060 2878 2263 2928 nostra
2305 2868 2584 2945 editione,

387 2964 832 3041 percussionum
859 2961 1185 3022 intervallis
1215 2961 1517 3038 distincta,
1559 2984 1636 3024 ne
1672 2961 1865 3041 pueris
1894 2961 2131 3040 quidem
2163 2964 2465 3047 negotium
2494 2965 2601 3041 fa·⁸

387 3069 652 3118 cessent.

469 3154 688 3214 Totum
715 3164 910 3213 autem
933 3153 1068 3224 hoc,
1090 3153 1252 3233 quod
1279 3154 1356 3213 de
1383 3154 1504 3214 ictu
1532 3155 1592 3215 in
1616 3152 1839 3215 ultimis
1861 3150 2103 3234 syllabis
2131 3162 2371 3213 cautum
2398 3153 2583 3215 fuisse

389 3246 672 3319 ditimus,
707 3247 783 3309 de
834 3247 1100 3308 secunda
1139 3258 1369 3309 tantum
1397 3249 1643 3311 trimetri
1673 3248 1900 3327 διποὸἱᾳ
1925 3248 2315 3328 capiendum
2360 3250 2583 3308 namin

389 3345 582 3423 prima
605 3356 670 3404 et
695 3343 866 3407 tertia
894 3362 1125 3424 semper
1152 3342 1356 3412 licuit;
1401 3344 1693 3424 siquidem
1734 3346 1849 3407 ista
1890 3346 2018 3407 sine
2044 3345 2220 3405 v'enia
2246 3346 2583 3407 conclama-

389 3449 516 3499 tum
543 3453 860 3519 actumque
884 3448 1013 3499 erat
1039 3440 1115 3499 de
1133 3440 1440 3500 Comoedia
1464 3440 1899 3521 Tragoediaque
1926 3440 2155 3503 Latina.
2238 3440 2388 3500 Cum
2407 3441 2584 3521 igitur

389 3533 550 3594 hunc
579 3553 814 3594 versum
841 3534 1178 3614 similesque
1207 3534 1366 3615 apud
1399 3536 1683 3595 Nostrum
1712 3534 1967 3596 videris:

633 3683 862 3743 Malum
887 3684 1050 3763 quod
1075 3686 1174 3746 isti
1203 3686 1282 3745 Di
1312 3685 1576 3765 Deoeque
1599 3682 1807 3745 omnes
1837 3683 2049 3743 duint:

392 3856 538 3898 cave
566 3834 708 3897 vitio
755 3834 817 3895 id
863 3835 1058 3916 poetae
1106 3836 1388 3903 verteris:
1432 3836 1566 3910 etsi,
1615 3836 1875 3909 Malum,
1904 3836 2055 3900 illud
2080 3846 2161 3910 et,
2190 3835 2417 3907 omnes,
2444 3835 2583 3895 siin

391 3932 692 3992 communi
735 3930 867 4009 quis
895 3947 1164 3989 sermone
1191 3929 1278 3989 sic
1306 3930 1585 4003 acuisset,
1630 3930 1955 3991 deridiculo
1982 3930 2213 3993 suisset.
2295 3931 2583 3991 Nimirum

395 4046 565 4089 aures
593 4026 686 4087 vel
715 4026 916 4085 invitoe
953 4025 1239 4104 patienter
1281 4024 1343 4084 id
1382 4025 1671 4099 ferebant,
1714 4027 1837 4087 sine
1863 4045 1982 4105 quo
2010 4046 2084 4087 ne
2112 4046 2232 4086 una
2256 4024 2493 4105 quidem
2521 4025 2583 4083 in

397 4116 624 4182 Fabula
670 4140 849 4182 scena
893 4128 1126 4201 poterat
1165 4119 1407 4180 edolari.
1495 4121 1653 4190 Quin
1697 4131 1756 4182 et
1801 4120 2046 4181 Graecos
2071 4123 2232 4199 ipsos
2261 4118 2464 4179 eadem
2494 4128 2581 4181 te-

397 4220 530 4277 nuit
555 4218 898 4290 necessitas,
939 4211 1148 4278 eadem
1173 4234 1358 4296 passa
1381 4224 1478 4278 est
1501 4216 1891 4297 indulgentia.
1975 4216 2127 4275 Cum
2154 4214 2579 4296 Aristophanes

395 4309 568 4384 dixit,
