3234 4934
576 393 664 460 56
1253 402 1528 452 vrci-on
1577 403 1676 450 nu
1722 401 2104 452 comma,

575 549 932 627 pressiones,
979 545 1312 624 agnitaeque
1359 546 1719 626 agitarentur
1764 545 2103 606 affinitates.
2204 547 2457 607 Demum
2508 547 2788 627 Athen-iv

579 643 974 704 Macedonum
1017 642 1346 722 petulantia
1386 641 1737 722 subjugatis,
1786 659 1889 702 eas
1936 641 2222 701 continuo
2267 642 2539 702 Fabellas
2580 642 2757 702 edere

581 738 933 800 studuerunt
957 739 1171 816 po'etoe,
1197 737 1410 816 quibus
1438 737 1669 797 illorum
1696 736 2015 816 impuritati
2042 737 2412 796 satisfactum
2442 757 2575 796 esse
2599 737 2762 799 vide-

581 845 757 892 retur.
843 831 1341 911 Quandoquidem
1365 833 1562 892 velex
1594 833 1863 891 Athenaei
1904 833 2297 892 monumentis
2338 833 2512 892 facile
2554 853 2765 912 possu-

579 947 712 987 mus
739 927 1092 1006 conjectare,
1135 927 1295 1006 quod
1324 926 1482 1006 gulae
1509 928 1847 1006 ventrisque
1890 927 2125 987 servitio
2156 927 2520 988 Macedones
2550 929 2767 988 fuerint

583 1022 954 1102 emancipati.
1039 1021 1369 1082 Menander
1409 1023 1630 1102 itaque,
1678 1043 1802 1082 suae
1848 1023 2183 1103 tempestati
2224 1041 2443 1083 morem
2471 1034 2767 1102 gesturus,

586 1118 949 1178 Comoediam
989 1117 1066 1179 ab
1095 1118 1500 1198 Aristophanis
1531 1119 1757 1179 Cocalo
1785 1118 2033 1180 feliciter
2068 1118 2387 1178 admodum
2432 1128 2525 1178 est
2567 1119 2767 1197 auspi..

583 1224 753 1273 catus
777 1233 794 1274 ε
823 1216 918 1274 cui
945 1215 1032 1275 sic
1053 1214 1298 1275 Ovidius
1327 1215 1538 1274 alludit
1565 1217 1845 1275 Amorum
1876 1213 2163 1288 secundo,
2193 1216 2360 1276 nobis
2390 1216 2577 1275 obiter
2602 1235 2767 1294 qum-

585 1329 722 1372 nam
747 1310 962 1370 fuerint
986 1310 1112 1388 ejus
1140 1320 1484 1389 argumenta
1509 1308 1942 1382 demonstrans,

825 1454 982 1512 Dum
1007 1454 1188 1513 fallax
1215 1472 1439 1524 servus,
1467 1453 1650 1512 durus
1672 1463 1856 1532 pater,
1883 1454 2147 1532 improba
2174 1455 2312 1514 lena

909 1547 1153 1620 Vixerit,
1181 1561 1241 1609 et
1267 1551 1535 1609 meretrix
1560 1549 1805 1623 blanda,
1834 1549 2199 1610 Menandros
2228 1551 2356 1610 erit.

590 1691 768 1760 Quod
797 1711 907 1752 nos
935 1712 1068 1752 cum
1097 1693 1310 1753 Graeco
1337 1693 1594 1755 carmine
1626 1692 1897 1755 ludentes
1940 1696 1999 1754 in
2030 1697 2327 1776 egregiam
2354 1697 2607 1758 Terentii
2638 1697 2770 1756 lau-

590 1788 724 1846 dem
756 1789 1152 1861 vertissemus,
1191 1788 1296 1848 tibi
1343 1789 1762 1868 pulcherrimos
1806 1791 2102 1850 condendi
2142 1789 2367 1852 iambos
2396 1791 2635 1854 dedisse
2662 1811 2771 1851 an-

591 1904 721 1943 sam
749 1885 1028 1944 videmur.
1113 1885 1384 1946 Ceterum
1415 1884 1527 1944 fuit
1551 1895 1689 1945 octo
1715 1896 1945 1945 tantum
1986 1888 2156 1946 annis
2188 1883 2389 1967 junior
2414 1887 2775 1959 Alexandr0,

592 1981 880 2060 sanguine
907 1981 1120 2041 nobilis
1148 1992 1210 2041 et
1235 2000 1460 2042 morum
1487 1978 1822 2060 integritate
1857 1982 2197 2061 praeclarus.
2260 1982 2646 2062 ,Alexideque
2686 1986 2782 2059 (ut

593 2075 867 2152 arbitror)
891 2087 1248 2157 praeceptore
1266 2077 1390 2156 jam
1421 2075 1771 2138 adolescens
1800 2077 1941 2137 dare
1972 2079 2227 2138 Fabulas
2256 2079 2453 2158 coepit,
2482 2098 2617 2158 quoe
2644 2097 2782 2138 cen·

593 2183 718 2233 tum
746 2171 824 2232 et'
849 2186 984 2234 octo
1025 2192 1269 2233 numero
1301 2193 1510 2233 coram
1556 2173 1917 2233 doctissimis
1958 2175 2287 2253 quibusque
2330 2184 2637 2244 steterunt,
2685 2174 2781 2232 vel

595 2269 856 2348 quinque
897 2289 1076 2349 supra
1117 2281 1374 2341 centum,
1417 2279 1485 2328 ut
1531 2270 1815 2328 cecinisse
1846 2268 2269 2348 Apollodorum
2302 2269 2531 2328 Gellius
2560 2269 2783 2329 scribit.

595 2366 862 2424 Tandem
891 2365 1140 2426 Athenis
1183 2366 1242 2424 in
1270 2365 1462 2442 patria
1499 2365 1651 2423 duos
1681 2377 1743 2423 et
1770 2365 2199 2443 quinquaginta
2222 2376 2398 2424 natus
2428 2383 2615 2427 annos
2640 2365 2785 2424 obiit

596 2471 867 2531 mortem,
915 2459 1146 2520 decimo
1196 2459 1421 2519 scilicet
1463 2472 1600 2520 ante
1644 2460 1863 2520 bellum
1910 2460 2365 2521 Macedonicum
2404 2478 2580 2532 anno,
2622 2460 2783 2539 quod

598 2556 858 2636 Pyrrhus
889 2576 1022 2615 cum
1051 2555 1272 2634 populo
1302 2557 1572 2615 Romano
1597 2558 1783 2634 gessit
1810 2557 2171 2616 acerrimum.
2230 2556 2357 2616 Nec
2380 2556 2524 2616 soloe
2544 2555 2782 2636 quidem

595 2654 694 2711 hae
727 2650 1042 2712 Menandri
1073 2651 1314 2710 Fabuloe
1343 2651 1737 2712 Macedonum
1765 2653 1997 2712 lumbos
2024 2657 2117 2728 (ut
2142 2653 2234 2712 his
2264 2663 2395 2712 utar
2430 2651 2619 2710 Persii
2657 2669 2787 2709 ver-

600 2751 717 2824 bis)
759 2749 1068 2816 intravere,
1112 2747 1217 2806 sed
1264 2759 1324 2806 et
1363 2748 1494 2808 aliae
1523 2747 1747 2826 Diphili
1776 2748 2016 2826 Sinopei
2044 2759 2276 2808 centurn
2310 2747 2787 2824 Philemonisque

606 2846 964 2926 Syracusani
987 2844 1372 2904 Menandrum
1405 2845 1735 2904 oemulantis
1756 2845 1879 2904 fere
1902 2843 2145 2904 totidem
2170 2854 2567 2903 accesserunt.
2624 2841 2786 2901 Proe-

604 2952 765 3001 tereo
810 2960 958 3018 quas
1009 2940 1426 3019 Apollodorus,
1472 2939 1848 3018 Posidippus,
1892 2951 1956 3000 et
2001 2938 2365 3019 Philippides
2412 2937 2789 3010 addiderunt,

602 3056 672 3097 ac
704 3037 903 3107 ceteri,
932 3056 1083 3116 quos
1110 3055 1266 3096 nova
1295 3036 1598 3097 Comoedia
1622 3037 1958 3098 celebravit.
2016 3035 2291 3096 Profecto
2316 3035 2461 3094 mira
2486 3034 2598 3094 fuit
2622 3035 2786 3094 Aris·

607 3134 883 3212 tophanis
913 3133 1198 3193 felicitas:
1241 3133 1410 3210 cujus
1447 3150 1566 3190 una
1596 3133 1854 3191 Cocalus
1883 3151 1917 3190 e
1944 3131 2371 3210 quinquaginta
2396 3140 2651 3208 quatuor
2675 3133 2792 3206 (tot

608 3229 764 3288 enim
809 3228 1028 3288 vidisse
1077 3247 1145 3286 se
1187 3227 1443 3288 Thomas
1493 3227 1784 3306 Magister
1825 3225 1934 3302 ait)
1976 3226 2129 3286 adeo
2168 3224 2385 3284 multas
2428 3224 2787 3284 diversorum

609 3327 915 3402 poetarum
969 3325 1224 3382 Fabulas
1273 3322 1609 3402 procrearit,
1656 3341 1792 3401 quae
1834 3342 1967 3382 cum
2012 3329 2257 3401 parente
2300 3338 2408 3380 suo
2433 3319 2789 3398 reliquisque

609 3420 885 3480 Veterum
917 3439 1088 3500 paene
1115 3419 1387 3479 omnibus
1415 3418 1491 3478 ab
1517 3437 1632 3477 usn
1658 3429 1861 3478 nostro
1890 3416 2213 3478 suffurante
2254 3426 2517 3494 tempore
2554 3415 2789 3476 excide-

606 3525 762 3575 runt.
835 3516 1072 3574 Utinam
1099 3523 1366 3576 extarent
1387 3513 1480 3574 vel
1507 3511 1859 3574 dimidiatae:
1888 3531 2007 3572 non
2036 3510 2187 3572 adeo
2212 3511 2410 3572 forsan
2437 3512 2498 3570 in
2526 3531 2786 3591 proesen-

604 3611 691 3669 tia
719 3609 974 3670 Fabulas
1017 3608 1427 3691 perspiciendo
1471 3609 1917 3677 caecutiremun
1959 3628 2072 3669 nec
2096 3619 2257 3668 esset
2283 3627 2389 3669 cur
2414 3627 2529 3686 ego
2558 3627 2665 3669 vos
2694 3629 2788 3670 se·

605 3705 883 3765 micaecus
930 3704 1143 3765 ducere
1187 3724 1449 3765 conarer.
1533 3703 1673 3777 Sed,
1718 3713 1852 3764 acta
1897 3724 1971 3765 ne
2019 3723 2283 3784 agamus,
2322 3704 2525 3764 vitium
2572 3705 2689 3766 hoc
2728 3717 2789 3766 et

605 3801 960 3882 praeteritam
989 3800 1380 3860 calamitatem
1411 3801 1506 3860 his
1537 3801 1709 3881 quasi
1735 3800 2022 3880 frugibus,
2052 3809 2345 3879 quotquot
2368 3809 2591 3875 extant,
2626 3801 2791 3861 Aris·

609 3896 886 3977 tophanis
918 3896 1176 3956 Fabellis
1205 3909 1680 3980 compensantes.
1763 3895 2001 3976 Duplex
2034 3914 2167 3956 esse
2210 3913 2577 3955 numerorum
2620 3894 2790 3956 diffe-

609 3995 800 4054 rentia
824 3991 1094 4060 videtur:
1138 3992 1613 4072 quandoquidem
1640 3991 1887 4053 Veteres
1913 3991 2001 4051 illi
2040 3989 2405 4050 Comoediam
2450 3989 2625 4049 variis
2668 3990 2789 4050 dis·

605 4089 878 4167 tinguere
911 4089 1174 4150 versibus
1202 4088 1575 4162 studuerunt,
1603 4107 1676 4148 eo
1702 4087 1861 4168 quod
1889 4087 2050 4147 laudi
2075 4087 2325 4146 maxime
2354 4084 2608 4158 daretur,
2638 4087 2791 4164 siqui

613 4203 831 4246 novum
850 4185 1124 4245 carminis
1155 4203 1340 4264 genus
1369 4183 1829 4246 adinvenissent.
1916 4181 2087 4243 Unde
2115 4180 2445 4261 Phrynicus
2481 4181 2541 4240 in
2588 4181 2787 4242 lonico
