3234 4934
578 356 708 423 208
1303 363 1768 413 FRANciscus
1818 361 2026 410 tiana

585 512 664 572 Et
691 509 942 590 Adelph.
979 528 1054 568 ιι.
1092 510 1146 567 1.
1182 509 1236 567 1.

648 624 740 672 ΒΑ.
773 622 1033 672 obse-cro
1051 616 1392 683 popuzlares
1407 644 1424 655 ·
1445 614 1581 665 ferte
1597 616 1620 679 11
1639 613 1815 663 miser⁰
1833 620 1973 677 atq-⁸0
1986 642 2003 654 -
2020 613 2343 663 innozcent¹
2362 612 2609 661 auxilium
2633 631 2647 664 e

573 728 576 733 ·
647 702 948 753 Subito-nit·
967 698 1182 764 inop¹=
1199 732 1212 747 .
1279 699 1384 748 IEs.
1416 698 1622 747 Oti-ose
1640 697 1681 761 u,
1714 708 1851 743 num
1866 695 1977 757 jam
1996 722 2017 735 -
2032 694 2163 744 illic⁰
2177 708 2241 744 =
2256 695 2339 744 liic
2360 696 2603 743 consiste.

645 782 790 835 Quid
814 794 905 830 re-
921 778 1241 845 spectaszi’
1274 778 1400 827 nihil
1417 776 1627 841 pe-ricli
1650 783 1733 825 est
1748 776 1798 839 11;
1830 789 2103 841 numquam
2120 800 2141 812 -
2156 774 2253 823 dun
2274 782 2366 839 ρξ’
2386 774 2535 825 ader⁰
2550 786 2616 824 =
2636 809 2651 836 ,
2684 772 2769 823 hic

711 866 991 925 te-tanget.

582 979 664 1039 vEt
691 976 839 1037 Hec.
871 994 967 1035 xv.
1001 976 1056 1033 1.
1091 974 1144 1031 1.

647 1089 794 1142 Perii
811 1116 833 1130 ·
851 1125 868 1153 ‚
888 1086 1012 1153 qaid
1035 1100 1179 1150 agam
1192 1084 1288 1136 :i
1318 1098 1421 1148 quo
1441 1097 1525 1133 me
1541 1109 1561 1125 ·
1577 1090 1778 1133 vertam
1796 1084 1853 1147 ss?
1886 1081 2009 1149 quid
2035 1084 2171 1133 vi·ro
2192 1097 2386 1134 meo:
2400 1080 2752 1148 respon-(lehc

649 1172 846 1223 Misera
859 1170 912 1219 ιι)
943 1175 1037 1217 n·-
1059 1165 1380 1217 audizvisse
1392 1191 1412 1205 ·
1428 1178 1604 1214 vocem
1626 1164 1649 1228 11
1670 1163 1813 1226 pueri
1828 1190 1850 1199 -
1867 1164 2033 1214 visust
2045 1176 2115 1215 τ’..
2131 1164 2427 1229 vagi-entis.

585 1296 665 1355 Et
692 1314 767 1355 ex
792 1291 1034 1352 Phorm.
1061 1306 1171 1347 111.
1204 1289 1267 1347 l.
1295 1287 1352 1345 1.

642 1422 780 1473 Eri!¹¹¹
803 1424 918 1469 νον)
929 1444 949 1458 -
965 1414 1264 1479 Antizpho
1287 1410 1623 1463 mul-timedio
1640 1412 1767 1477 [lem
1786 1410 1919 1462 istoc
1939 1438 1960 1448 -
1978 1412 2141 1462 anim⁰
2158 1426 2213 1462 es
2228 1426 2296 1463 =
2312 1412 2708 1477 vitum-raudus
2724 1426 2741 1461 ε

647 1502 803 1553 Itane
818 1526 839 1540 ·
857 1505 904 1547 t⁰
921 1496 1042 1547 hinc
1062 1494 1304 1556 ιὼς-ἰδοῦ,
1327 1498 1382 1541 et
1395 1518 1417 1529 -
1432 1492 1589 1541 vitam
1601 1492 1627 1555 11
1648 1497 1788 1540 tuam
1812 1490 2080 1541 tii-tand·¹¹¹
2100 1492 2281 1541 alizia
2306 1492 2509 1542 dedisse
2527 1492 2547 1540 ?

646 1581 794 1631 Alios
807 1607 829 1620 ·
847 1584 989 1629 tuam
1013 1592 1122 1627 rem
1133 1586 1201 1627 =
1216 1572 1506 1625 credi-disti
1518 1572 1544 1638 ·11
1563 1572 1720 1635 magt·
1741 1586 1894 1637 quarn
1907 1597 1928 1612 ·
1944 1578 2049 1622 tet⁶
2072 1570 2578 1621 anizmadversuros
2594 1572 2633 1640 η

647 1662 764 1713 N·-
799 1666 861 1710 ιιι
895 1666 957 1709 ut
979 1663 1155 1707 emt
1191 1656 1364 1707 ali⁸=
1381 1688 1401 1718 ,
1435 1654 1512 1705 uli
1529 1680 1553 1696 -
1567 1660 1717 1704 certe
1732 1653 1775 1718 fl,
1812 1666 1933 1719 quai
1972 1664 2142 1703 nuuc-
2158 1650 2257 1702 tibi
2294 1650 2505 1703 dom⁵=
2520 1658 2622 1716 est,
2652 1666 2777 1705 con·

711 1741 930 1791 soleres.

667 1873 786 1943 Qui
811 1872 925 1933 hos
955 1890 1159 1933 versus
1188 1868 1472 1931 attentius
1510 1864 1827 1951 expendet,
1871 1867 2199 1947 comperiet
2234 1888 2417 1928 unum
2442 1877 2669 1930 tantum
2699 1888 2773 1930 ex

582 1970 655 2031 iis
685 1990 838 2044 esse,
868 1970 930 2028 in
973 1987 1093 2048 quo
1131 1966 1565 2045 bisegmentum
1613 1985 1733 2025 non
1761 1966 1994 2045 integ-ra
2032 1965 2292 2026 dictione
2319 1964 2667 2034 claudatur;
2711 1966 2772 2025 in

583 2086 656 2126 eo
681 2084 840 2139 vei-0,
864 2082 984 2123 non
1015 2062 1340 2141 simplicem
1367 2080 1572 2122 vocem
1601 2060 1866 2135 distrahi,
1911 2060 2019 2121 sed
2049 2062 2521 2141 praepositionem
2560 2060 2775 2132 solum,

584 2180 838 2241 quacum
863 2160 1194 2239 composita
1220 2169 1350 2218 est:
1393 2168 1454 2217 et
1491 2167 1614 2216 tum
1662 2156 1722 2215 in
1750 2156 2157 2235 bisegmentis,
2184 2168 2309 2217 tum
2338 2158 2398 2216 in
2427 2158 2629 2217 metris
2653 2157 2776 2216 fere

582 2258 880 2331 omnibuS,
905 2256 956 2317 si
984 2275 1102 2336 qua
1129 2255 1311 2315 dictio
1354 2252 1412 2311 in
1445 2252 1564 2311 duo
1608 2263 1797 2311 metra
1823 2251 2142 2324 dividatur,
2170 2253 2490 2313 sectionem
2520 2252 2603 2311 ita
2629 2252 2775 2325 fieri,

583 2364 651 2413 ut
679 2352 928 2433 syllaba,
969 2353 1030 2411 in
1058 2369 1236 2430 quam
1287 2357 1567 2411 accentus
1596 2346 1777 2419 cadit,
1816 2365 1937 2407 non
1966 2345 2279 2408 divellatur
2304 2368 2339 2409 e
2366 2348 2774 2427 sequentibus,

583 2448 692 2509 sed
717 2466 840 2507 una
865 2466 996 2507 cum
1026 2446 1098 2507 iis
1123 2443 1314 2505 eidem
1341 2454 1528 2505 metro
1555 2443 1822 2504 accedat.

665 2542 860 2621 Atque
885 2541 1020 2601 haec
1047 2541 1123 2600 de
1149 2537 1264 2599 hac
1291 2540 1478 2619 prima
1523 2538 1807 2600 trochaici
1834 2539 2159 2600 tetrametri
2189 2539 2386 2619 specie
2433 2539 2593 2599 dicta
2636 2539 2775 2613 sint,

583 2654 703 2716 qua
727 2634 970 2715 quidem
1003 2633 1310 2694 Terentius
1349 2633 1641 2694 rarissime
1688 2635 1894 2708 utitur,
1944 2634 2059 2695 nisi
2105 2636 2165 2695 in
2209 2636 2390 2696 initiis
2426 2654 2773 2703 scenarum;

583 2741 762 2811 atque
790 2731 870 2791 ibi
897 2750 1029 2791 raro
1058 2731 1320 2792 invenies
1338 2730 1474 2810 plus
1501 2750 1624 2790 uno
1652 2750 1825 2792 versu
1850 2731 2027 2811 hujus
2058 2733 2289 2811 generis
2318 2730 2605 2804 adhiberi,
2622 2729 2774 2791 adeo

580 2838 652 2888 ut
678 2828 740 2888 iu
767 2836 894 2888 toto
923 2827 1198 2888 Terentio
1227 2826 1324 2887 vix
1351 2826 1474 2887 sint
1499 2826 1746 2888 totidem
1776 2825 1914 2901 alia,
1941 2838 2090 2906 quot
2112 2828 2209 2887 hic
2238 2826 2480 2888 adduxi.
2563 2827 2633 2887 In
2659 2826 2773 2887 hoc

581 2932 779 2983 autem
805 2942 976 2983 versu
1005 2932 1076 2983 ut
1099 2932 1382 2983 venustas
1413 2923 1612 3002 aliqua
1656 2924 1960 2998 sentiatur,
2005 2932 2199 3003 partes
2228 2925 2357 3004 ejus
2388 2924 2613 3009 tardius
2641 2943 2774 3003 pro-

577 3018 842 3079 ferendoe
871 3028 1033 3095 sunt,
1061 3018 1220 3098 quod
1261 3029 1321 3078 et
1345 3020 1475 3099 ipsa
1501 3020 1560 3078 in
1601 3018 1782 3079 initiis
1812 3038 2117 3079 scenarum
2146 3020 2461 3080 collocatio
2490 3019 2777 3098 quodam-

581 3113 760 3174 modo
788 3112 1070 3186 ostendit,
1118 3134 1251 3174 cum
1283 3134 1476 3174 sermo
1512 3114 1570 3171 in
1602 3115 1789 3193 primo
1816 3133 2143 3192 congressu
2192 3115 2324 3194 ipsa
2370 3124 2583 3174 natura
2624 3114 2775 3173 duce

579 3208 702 3266 fere
729 3226 961 3286 semper
984 3208 1198 3267 lentior
1226 3208 1324 3267 sit.

662 3304 910 3376 Versus,
936 3322 1055 3381 quo
1081 3303 1334 3363 maxime
1362 3300 1587 3382 gaudet
1613 3302 1673 3362 in
1718 3301 2021 3364 trochaico
2048 3323 2285 3383 genere,
2320 3306 2537 3385 quique
2556 3304 2774 3384 jucun·

582 3398 824 3459 dissime
854 3408 916 3457 et
963 3417 1191 3458 summa
1237 3418 1369 3459 cum
1401 3406 1710 3459 venustate
1763 3399 2040 3472 decurrit,
2091 3418 2212 3460 una
2256 3400 2488 3481 syllaba
2534 3401 2610 3460 ab
2659 3401 2775 3460 boc

580 3496 802 3569 deficit,
851 3494 992 3555 inde
1040 3494 1238 3555 dictus
1285 3503 1624 3555 tetrameter
1682 3491 2086 3569 catalecticus,
2138 3496 2327 3557 Latini
2376 3498 2774 3578 septenarium

578 3589 799 3663 dixere,
827 3590 904 3649 ad
933 3589 1090 3650 hunc
1118 3590 1420 3649 modulum
1449 3591 1666 3662 factus,

630 3714 633 3717 ’
741 3717 1184 3780 Phormi-onem
1200 3740 1266 3781 =
1290 3718 1727 3779 Pbormi-onem
1748 3728 1786 3796 11
1824 3718 2265 3782 Phormio-nem
2290 3744 2356 3783 .-..
2374 3720 2691 3783 Phormio:

577 3848 680 3926 qui
705 3858 946 3909 constat
971 3866 1046 3906 ex
1087 3847 1274 3907 tribus
1303 3846 1639 3909 ditrochoeis
1667 3858 1731 3909 et
1756 3849 1994 3924 cretico,
2031 3870 2137 3932 pro
2166 3872 2306 3931 quo,
2333 3852 2521 3931 prima
2542 3853 2774 3933 syllaba

576 3943 638 4001 in
669 3943 818 4003 duas
847 3943 1052 4004 breves
1082 3944 1362 4017 resoluta,
1393 3962 1553 4023 saepe
1586 3945 1899 4005 adhibetur
1924 3948 2508 4026 proceleusmaticus.
2580 3948 2772 4029 Hujus

577 4038 782 4193 {ertilioe
811 4038 1083 4119 exempla
1111 4037 1171 4099 in
1199 4040 1472 4101 Terentio
1499 4041 1713 4123 ubique
1744 4042 1933 4103 obvia.
2022 4044 2071 4103 E
2098 4044 2299 4105 multis
2328 4044 2458 4105 haec
2506 4045 2657 4107 habe
2699 4064 2771 4105 ex

638 4153 674 4192 n
721 4155 767 4194 r.
801 4155 879 4195 11.
904 4138 964 4195 2.
993 4138 1092 4195 22.
1153 4142 1160 4149 ’
