3234 4934
935 449 1032 496 nn
1079 449 1484 499 remmom
1535 451 1625 500 ετ
1668 451 2047 502 commum.
2492 442 2581 506 49

401 591 747 652 fabularum.
831 591 1018 670 Cujus
1065 591 1241 651 moris
1269 589 1664 652 diversitatem
1709 593 2030 671 antiquitas
2080 591 2307 671 probat.
2398 595 2455 654 N
2458 615 2573 670 am,

402 707 536 748 cum
585 689 837 766 primum
881 686 1061 766 aliqui
1104 686 1336 746 fabulas
1383 686 1647 757 ederent,
1682 688 1939 767 ipsarum
1967 686 2209 747 nomina
2232 693 2575 767 pronuntia·

401 785 615 844 bantur
641 793 798 854 ante,
825 800 1004 862 quarn
1029 784 1222 862 poetae
1249 783 1787 862 pronuntiarentur,
1808 801 1885 842 ne
1904 782 2103 861 aliqua
2125 781 2345 844 invidia
2372 803 2411 846 a
2436 789 2579 848 scri-

401 881 598 941 bendo
633 879 907 940 deterreri
948 889 1213 958 possent.
1321 879 1473 938 Cum
1521 889 1719 940 autem
1764 899 1869 958 per
1904 878 2219 939 editionem
2266 881 2581 944 multarum

400 977 592 1055 poetae
610 977 736 1055 jam
763 984 924 1036 esset
947 975 1260 1034 auctoritas
1291 975 1600 1053 acquisita,
1646 995 1847 1036 rursus
1892 975 2087 1054 priora
2127 976 2435 1053 poetarum
2474 997 2583 1038 no-

400 1072 560 1131 mina
580 1072 1051 1151 proferebantur:
1113 1077 1183 1129 ut
1208 1089 1313 1148 per
1352 1072 1612 1148 ipsorum
1640 1070 1928 1132 vocabula
1955 1069 2167 1130 fabulis
2210 1072 2457 1132 attentio
2480 1092 2579 1136 ac·

402 1167 748 1246 quireretur.

483 1263 668 1324 Aetas
717 1262 966 1324 diversis
1014 1261 1172 1325 ludis
1219 1263 1592 1324 manifestum
1638 1271 1734 1323 est
1768 1264 2025 1328 inscribi.
2110 1266 2263 1331 Nam
2310 1270 2581 1334 ludorum

403 1367 658 1438 quatuor
679 1367 819 1418 sunt
844 1357 1094 1436 speeies,
1119 1375 1272 1436 quos
1299 1356 1533 1417 curules
1562 1344 2036 1422 aediles'munere
2063 1366 2303 1444 publico
2337 1373 2579 1427 curant:

405 1454 808 1533 Megalenses,
855 1454 1086 1532 magnis
1138 1453 1266 1513 Diis
1321 1454 1671 1528 consecrati,
1725 1475 1876 1534 quos
1932 1457 2127 1520 Groeci
2185 1460 2586 1538 Μεγαλησίουε

403 1549 741 1629 appellant:
767 1552 815 1588 ¹⁷
874 1548 1194 1622 Funebres,
1240 1548 1317 1609 ad
1357 1549 1727 1609 retinendum
1782 1553 2063 1631 populum
2112 1555 2384 1630 instituti,
2439 1556 2583 1618 dum

405 1663 623 1724 pompa
667 1645 857 1705 funeri
885 1643 1125 1704 decreta
1171 1645 1232 1704 in
1278 1644 1562 1706 honorem
1605 1645 1833 1726 patricii
1880 1648 1984 1708 viri
2030 1649 2203 1730 plene
2244 1651 2582 1713 instruitur:

407 1740 653 1813 plebeii,
679 1740 780 1820 qui
807 1759 913 1818 pro
942 1739 1132 1800 salute
1161 1741 1350 1820 plebis
1391 1741 1688 1803 eduntur:
1731 1742 2124 1823 Apollinares,
2151 1748 2412 1826 Apollini
2439 1749 2585 1808 co'n-

405 1837 638 1898 secrati.
721 1838 788 1896 In
813 1856 994 1896 scena
1020 1836 1157 1897 duoe‘.
1186 1857 1304 1897 aroe
1344 1839 1485 1916 poni
1527 1838 1824 1911 solebant,
1872 1838 2083 1902 dextra
2110 1843 2321 1917 Liberi,
2350 1843 2586 1904 sinistra
2620 1875 2625 1880 ·

405 1933 534 2012 ejus
560 1933 696 2006 Dei,
723 1933 818 1992 cui
845 1931 971 1992 ludi
997 1933 1252 1994 fiebant:
1311 1933 1472 1994 unde
1498 1933 1808 1996 Terentius
1837 1935 1898 1995 in
1924 1937 2151 1998 Andria
2176 1939 2279 2011 ait,
2319 1945 2337 1974 ⁴
2364 1940 2453 1998 Ex
2482 1959 2585 1999 ara

405 2029 520 2088 hac
548 2047 712 2087 sume
731 2028 1059 2088 verbenas?

490 2122 650 2184 Hinc
673 2123 948 2203 Ulyssem
974 2122 1280 2203 palliatum
1307 2141 1538 2202 semper
1564 2123 1890 2184 inducunt:
1933 2125 2243 2204 sive'quod
2265 2125 2585 2205 aliquando

407 2219 700 2280 insaniam
728 2219 1055 2280 simulavit:
1096 2238 1214 2297 quo
1243 2229 1501 2297 tempore
1527 2227 1749 2278 tectum
1766 2238 1831 2278 se
1858 2238 1991 2280 esse
2018 2220 2222 2293 voluit,
2250 2239 2325 2280 ne
2352 2224 2587 2299 agnitus
2612 2219 2619 2226 ’

408 2325 718 2396 cogeretur
765 2315 824 2373 in
852 2313 1011 2375 bella
1049 2314 1314 2395 prodire:
1379 2333 1484 2375 seu
1531 2316 1610 2376 ob
1656 2314 2015 2394 singularem
2060 2316 2429 2395 sapientiam,
2469 2339 2591 2397 qua

409 2423 602 2473 tectus
646 2413 1022 2490 munitusque
1059 2410 1371 2490 plurimum
1414 2409 1588 2471 sociis
1614 2411 1853 2490 profuit.
1938 2409 2131 2490 Hujus
2177 2410 2333 2471 enim
2360 2411 2589 2474 virtutis

410 2519 557 2581 erat,
585 2509 762 2569 animi
789 2527 1022 2588 semper
1041 2505 1386 2586 decipientis
1409 2505 1733 2585 ingenium.
1776 2505 2061 2566 Nonnulli
2084 2506 2315 2566 'Ithacoe
2342 2506 2590 2581 incolas,

413 2605 567 2665 sicut
593 2604 828 2672 Locros,
853 2602 1129 2680 palliatos
1166 2601 1349 2661 fuisse
1377 2609 1854 2662 commemorant.
1910 2601 2158 2661 Achillis
2184 2610 2248 2660 et
2272 2602 2593 2681 Neoptole-

412 2699 492 2758 mi
521 2717 792 2778 personoe
821 2696 1158 2758 diademata
1178 2697 1439 2757 habent:
1481 2697 1753 2776 quamvis
1780 2696 2005 2776 regalia
2031 2707 2265 2776 sceptra
2291 2717 2593 2777 nunquam

411 2794 742 2855 tenuerint:
777 2793 946 2872 cujus
968 2791 1295 2872 argumenti
1317 2792 1582 2870 probatio
1604 2791 1741 2850 talis
1760 2790 2077 2862 inducitur,
2109 2791 2269 2871 quod
2292 2810 2593 2870 nunquam

412 2910 548 2951 cum
570 2889 800 2969 reliqua
825 2886 1078 2947 Graecise
1096 2887 1428 2965 juventute,
1456 2884 1533 2943 ad
1562 2883 1823 2962 gerenda
1840 2903 1975 2944 cum
2001 2885 2268 2964 Trojauis
2294 2888 2469 2961 bella,
2498 2907 2593 2947 sa-

349 2971 358 2978 *
415 2993 718 3046 eramenta
764 2979 1180 3060 conjurationis
1227 2981 1503 3051 inierunt,
1543 2997 1655 3038 nec
1697 2997 1959 3056 unquam
2000 2977 2108 3038 sub
2135 2967 2619 3058 Agamemnonis·

413 3079 654 3158 imperio
681 3067 939 3137 fuerunt.

497 3174 755 3234 Cornicis
777 3171 1014 3233 senibus
1035 3168 1326 3230 candidus
1352 3168 1596 3228 vestitus
1617 3163 1666 3199 '⁸
1704 3165 2020 3239 inducitur,
2042 3166 2204 3244 quod
2230 3167 2282 3226 is
2311 3167 2596 3248 antiquis—

417 3273 597 3331 simus
616 3269 800 3329 fuisse
821 3275 1192 3327 memoratur.
1242 3263 1737 3325 Adulescentibus
1757 3261 2011 3322 discolor
2030 3263 2383 3323 attribuitur.
2433 3265 2597 3324 Servi

417 3367 627 3428 comici
654 3363 870 3426 amictu
897 3359 1108 3442 exiguo
1128 3367 1544 3440 conteguntur,
1572 3357 1937 3437 paupertatis
1962 3356 2222 3437 antiquoe
2248 3359 2459 3437 gratia,
2502 3359 2597 3419 vel

418 3481 540 3542 quo
583 3460 974 3540 expeditiores
1028 3465 1228 3537 agant.
1330 3455 1583 3515 Parasiti
1622 3473 1757 3514 cum
1810 3453 2039 3513 intortis
2092 3451 2286 3531 palliis
2334 3453 2598 3514 veniunt.

421 3561 587 3620 Laeto
611 3558 860 3618 vestitus
888 3553 1213 3616 candidus:
1257 3569 1588 3612 aerumnoso
1630 3548 1978 3609 bbsoletus:
2034 3563 2367 3627 purpureus,
2388 3548 2593 3610 diviti:

422 3655 664 3736 pauperi
692 3652 1032 3732 phoeniceus
1060 3651 1267 3712 daturt
1297 3648 1464 3708 militi
1481 3645 1746 3727 chlamys
1770 3662 2089 3725 purpurea:
2120 3643 2335 3722 puelloe
2361 3644 2595 3704 habitus

423 3749 768 3832 peregrinus
793 3746 1106 3806 inducitur.
1189 3747 1348 3806 Leno
1385 3744 1568 3824 pallio
1588 3741 1734 3804 varii
1780 3737 1994 3800 coloris
2022 3739 2222 3799 utitur.
2305 3739 2601 3800 Meretrici

491 3949 553 3995 17
585 3939 918 4004 neptanabus
945 3934 1208 4001 appellant]
1247 3934 1351 3986 Ma.
1373 3937 1475 3984 ne·
1555 3932 1705 3982 216⁹:
1752 3930 1849 3979 hoe
1884 3933 1986 3991 est,
2028 3928 2131 3980 Dis
2168 3927 2384 3992 magnis.
2464 3925 2601 3976 Nam

427 4020 734 4083 noycloyc.
805 4013 1028 4065 Videtur
1081 4009 1352 4073 legendum
1393 4008 1478 4072 (ut
1556 4005 1798 4067 Doribus,
1828 4009 1889 4053 ut
1924 4007 1982 4053 et
2015 4003 2171 4053 Plato
2214 4008 2272 4053 et
2297 4000 2607 4052 Aristoteles

426 4105 484 4145 et
519 4097 571 4143 in
603 4092 745 4143 Pitb.
767 4091 856 4141 lib.
877 4085 1202 4139 emendatum
1224 4084 1363 4148 erat)
1385 4090 1480 4133 Me·
1557 4085 1838 4144 testantur,
1868 4077 1973 4131 Ξιδε
1992 4083 2073 4128 est
2104 4079 2269 4130 Deus.
2304 4077 2380 4127 Id.

425 4171 602 4230 τέλους
633 4166 784 4219 nobs.
845 4164 974 4214 Vult
993 4161 1318 4225 Megalenses
1335 4158 1482 4208 ludos
1627 4159 1689 4205 18
1744 4155 1987 4205 Candidus
2022 4153 2243 4217 omum]
2292 4153 2379 4204 De
2417 4149 2607 4203 vestitu

431 4261 616 4296 nomen
669 4241 924 4292 invenisse
975 4236 1070 4288 ἀπὸ
1119 4237 1212 4285 τῦν
1263 4230 1482 4295 μεγάλων
1558 4231 1759 4282 comico
1780 4228 1884 4281 vid.
1906 4227 2187 4280 Pollucem.
2240 4228 2317 4278 ld.

561 4342 735 4405 velpe«.
757 4345 804 4391 et
828 4337 938 4390 Var-
959 4337 1085 4387 Clas.
1443 4329 1629 4382 Terent.
2420 4323 2475 4374 D
