3234 4934
627 367 760 435 252
1298 382 1685 435 moninus
1732 383 2155 435 nanninus

581 513 598 523 ’
629 525 884 604 ideoque
914 524 974 584 in
1003 523 1342 604 dissyllabis
1367 526 1565 603 prior?
1622 525 1980 598 Priscianus,
2006 548 2069 607 p.
2103 526 2279 585 1287.
2308 531 2326 559 ‘
2344 525 2577 587 Acutus
2604 544 2813 589 aceen-

628 632 726 681 tus
756 621 916 701 apud
945 621 1184 680 Latinos
1211 620 1330 681 duo
1358 622 1493 681 loca
1517 622 1718 695 habet,
1746 622 2131 702 penultimum
2160 633 2221 681 et
2250 622 2813 700 antepenultimam:

629 717 790 798 apud
819 716 1066 777 Graecos
1095 725 1290 777 autem
1319 728 1382 777 et
1409 717 1715 778 ultimum!
1799 718 1876 777 Et
1900 718 2079 797 paulo
2104 728 2279 798 post:
2324 726 2343 753 ‘
2364 719 2545 800 Apud
2572 719 2815 779 Latinos

625 812 682 871 in
711 812 920 872 ultima
948 812 1195 893 syllaba,
1223 812 1339 873 nisi
1367 813 1741 874 discretionis
1770 832 1972 888 causa,
1998 813 2141 895 poni
2167 834 2287 875 non
2317 813 2469 873 solet
2492 810 2819 875 accentus?

627 907 925 981 Donatu8‚
953 927 1014 987 p.
1047 910 1222 968 1740.
1267 914 1284 941 ‘
1306 908 1508 969 Tonus
1537 920 1771 982 acutus,
1807 928 1943 968 cum
1973 910 2033 967 in
2064 908 2292 969 Graecis
2320 908 2674 969 dictionibus
2700 909 2816 970 tria

623 1003 756 1063 loca
781 1014 1002 1077 teneat,
1031 1005 1324 1078 ultimum,
1349 1004 1763 1085 penultimum,
1790 1012 1853 1064 et
1868 1004 2431 1084 antepenultimum3
2461 1013 2627 1064 tenet
2648 1004 2813 1083 apud

623 1097 863 1159 Latinos
881 1100 1270 1181 penultimum
1288 1111 1350 1159 et
1365 1099 1917 1180 antepenultimum3
1946 1100 2215 1160 ultimum
2236 1100 2580 1178 nunquam-⁹
2620 1100 2815 1160 Maxi-

621 1211 754 1253 mus
782 1195 1140 1269 Victoriana,
1170 1216 1230 1275 p.
1259 1196 1438 1255 1942.
1480 1204 1500 1231 ‘
1519 1197 1771 1269 Acutae,
1800 1214 1933 1256 eum
1962 1196 2123 1274 apud
2152 1194 2397 1254 Graecos
2424 1194 2537 1253 tria
2561 1193 2697 1256 loca
2722 1204 2812 1255 te-

619 1299 782 1363 neat,
829 1290 987 1369 apud
1034 1311 1144 1351 nos
1171 1291 1406 1352 duobus
1435 1300 1665 1353 tantum
1693 1292 1835 1370 poni
1863 1301 2093 1371 potest3
2139 1291 2324 1349 autin
2352 1287 2697 1371 penultima,
2724 1300 2811 1365 ut,

615 1385 1004 1465 praelegistis:
1050 1398 1155 1445 aut
1178 1406 1251 1446 ea
1278 1406 1415 1465 quse
1445 1406 1480 1447 a
1507 1388 1625 1446 fine
1652 1395 1746 1447 est
1772 1387 1965 1458 tertia,
1994 1396 2082 1458 ut,
2106 1384 2525 1467 praelegimus!
2604 1385 2810 1466 Olym·

613 1479 896 1558 piodorus
923 1482 984 1541 in
1013 1482 1348 1542 Aristotelis
1380 1481 1671 1553 Meteora‚
1697 1500 1758 1559 p.
1788 1483 1891 1542 2⁷.
1916 1480 2065 1540 Τότε
2090 1483 2200 1559 μὲν
2218 1480 2445 1557 Γραικοὶ
2470 1482 2810 1557 ἐκλήθησαν,

617 1582 719 1632 νῦν
745 1574 808 1635 δὲ
823 1576 1122 1649 Ἕλληνες.
1152 1584 1312 1637 τοῦτο
1337 1574 1404 1635 δὲ
1427 1576 1490 1635 τὸ
1519 1576 1701 1654 ὄνομα
1727 1576 1779 1634 oi
1807 1577 1917 1653 μὲν
1940 1575 2211 1654 Ῥωμαῖοι
2230 1577 2616 1653 παροξύνουσι,
2634 1575 2687 1637 Γ
2682 1586 2809 1655 pai·

615 1694 699 1729 κοι
726 1676 1011 1747 λέγοντες.
1037 1676 1074 1743 ἡ
1101 1670 1163 1731 δὲ
1189 1677 1342 1745 κοινὴ
1369 1670 1657 1731 διάλεκτος
1683 1672 1883 1744 ὀξύνει.
1942 1672 2214 1731 Καθόλου
2232 1670 2296 1731 δὲ
2324 1673 2379 1731 oi
2402 1672 2670 1749 Ῥωμαῖοι
2688 1682 2811 1733 πᾶν

613 1766 794 1851 ᾅνομα
837 1774 1197 1845 παροξύνουσι
1243 1766 1336 1827 διὰ
1377 1769 1475 1829 τὸν
1523 1769 1755 1842 κόμπον·
1801 1767 1934 1827 ὅθεν
1956 1766 2457 1845 ’Υπερηνορὲοντες
2486 1769 2813 1839 ἐκλήθησαν·

613 1862 720 1921 ὑπὸ
747 1873 860 1923 τῶν
883 1875 1147 1935 ποιητῶν.
1232 1863 1363 1923 Hoc
1389 1873 1520 1923 est:
1559 1862 1676 1930 Qui
1705 1862 1842 1924 olim
1868 1862 2094 1940 Γραικοὶ
2123 1864 2287 1937 dicti,
2314 1884 2471 1925 nunc
2502 1864 2809 1945 appellan-

613 1964 709 2015 tur
735 1960 1034 2031 Ἕλληνες.
1116 1959 1286 2020 Illius
1315 1968 1512 2019 autem
1539 1960 1701 2019 verbi
1727 1960 2113 2039 penultimam
2142 1960 2395 2021 Romani
2424 1968 2667 2033 acuunt,
2712 1958 2806 2019 di-

609 2063 812 2115 centes
859 2054 1121 2131 Γραῑκοις
1165 2054 1273 2115 sed
1313 2053 1644 2116 communis
1674 2072 1867 2116 sermo
1895 2056 2056 2115 acuit
2082 2055 2369 2127 ultimam,
2396 2055 2644 2133 Γραικοί.
2727 2054 2805 2113 Et

607 2150 926 2211 universim
956 2150 1210 2211 Romani
1239 2150 1298 2209 in
1329 2170 1704 2230 quacumque
1731 2170 1877 2211 voce
1907 2152 2289 2230 penultimam
2316 2149 2409 2210 vel
2455 2150 2804 2229 antepenul-

607 2246 810 2307 timam
839 2230 1078 2320 acuunt,
1105 2256 1342 2327 propter
1366 2247 1585 2307 fastum
1614 2255 1677 2305 et
1701 2246 2275 2326 grandiloquentiam
2301 2264 2319 2303 ε
2360 2243 2519 2304 unde
2547 2264 2585 2304 a
2610 2249 2801 2323 poetis

607 2339 886 2402 dicuntur
927 2344 1442 2420 ’Υπερηνορέονηε,
1485 2341 1714 2401 feroces
1764 2349 1847 2409 et,
1867 2340 2485 2417 superbi.—Ceterum
2514 2340 2677 2419 quod
2704 2342 2802 2405 hic

605 2436 782 2498 fastui
809 2438 1030 2509 tribuit,
1058 2438 1118 2496 id
1145 2436 1398 2497 dialecto
1416 2435 1681 2508 AEolicoe,
1700 2434 1863 2495 unde
1890 2434 2099 2514 lingua
2124 2432 2335 2497 Latina
2359 2444 2585 2513 partem
2614 2437 2802 2499 maxi-

602 2548 760 2591 mam
792 2531 1083 2609 profluxit,
1129 2530 1345 2591 rectius
1389 2530 1728 2608 imputatur.
1812 2528 2121 2590 AEolenses
2150 2529 2329 2603 enim,
2354 2537 2424 2589 ut
2450 2539 2657 2591 notum
2684 2542 2798 2606 est,

604 2626 917 2702 Bapmm
965 2636 1171 2694 erant3
1231 2634 1293 2685 et
1321 2625 1505 2707 9602,
1538 2624 1733 2703 Ἀνηρ
1780 2623 2263 2706 pronuntiabant,
2303 2642 2439 2684 cum
2488 2620 2587 2683 alii
2634 2624 2799 2699 Θεὸς,

607 2717 810 2797 Ἀνήρ.
1001 2788 1006 2793 ,

615 2814 632 2845 ⁴
681 2814 816 2873 Jam
845 2833 985 2875 vero
1011 2814 1072 2875 id
1101 2812 1324 2875 Latinis
1353 2812 1618 2885 comicis,
1657 2812 1759 2895 qui
1808 2813 2069 2874 Fabulas
2112 2832 2253 2875 suas
2297 2811 2518 2893 populo
2560 2813 2794 2893 placere

600 2918 904 2989 cuperent,
943 2930 1300 2992 magnopere
1348 2910 1679 2972 cavendum
1725 2919 1873 2983 erat,
1914 2930 1990 2969 ne
2033 2919 2241 2969 contra
2286 2908 2507 2987 ling-um
2552 2909 2792 2988 genium

599 3004 753 3065 ictus
800 3025 906 3065 seu
944 3016 1226 3068 accentus
1253 3007 1313 3066 in
1340 3026 1576 3088 quoque
1603 3026 1777 3067 versu
1806 3006 2065 3087 syllabas
2093 3005 2399 3067 verborum
2424 3005 2663 3067 ultimas
2690 3025 2793 3067 oc-

599 3112 905 3181 cuparent.
990 3102 1062 3163 Id
1103 3103 1164 3162 in
1215 3102 1376 3165 omni
1413 3114 1623 3175 metro,
1664 3100 1865 3180 quoad
1914 3099 2101 3173 licuit,
2140 3102 2593 3170 observabatum
2636 3112 2704 3161 ut
2728 3100 2790 3162 in

603 3195 695 3255 bis
721 3214 737 3253 z
1139 3246 1148 3255 .
2278 3254 2287 3261 .

835 3292 1030 3350 'Arma
1055 3291 1362 3371 virumque
1389 3290 1561 3364 caue,
1591 3288 1785 3368 Trojae
1814 3290 1913 3367 qui
1939 3285 2165 3365 primus
2190 3289 2266 3349 ab
2296 3286 2415 3349 oris
2534 3302 2545 3352 ἰ

840 3383 1074 3445 Italiam
1099 3384 1226 3446 fato
1252 3383 1540 3463 profugus
1569 3382 1907 3461 Lavinaque
1934 3381 2099 3443 venit
2540 3396 2551 3411 ·

837 3478 1090 3550 Littera:
1130 3479 1377 3543 multum
1407 3477 1508 3543 ille
1533 3488 1594 3537 et
1622 3476 1789 3538 terris
1806 3474 2071 3559 jactatus
2094 3484 2155 3537 et
2182 3474 2305 3539 alto

831 3574 908 3634 Vi
933 3576 1232 3656 superum,
1260 3573 1456 3635 safivae
1483 3572 1798 3637 memorem
1826 3574 1861 3636 J
1868 3570 2077 3633 un6nis
2107 3573 2183 3633 ob
2210 3570 2376 3635 iram.

595 3709 713 3781 Qui
743 3710 926 3791 perite
952 3720 1015 3771 et
1042 3709 1344 3771 modulate
1367 3709 1479 3771 hos
1506 3728 1709 3769 versus
1736 3708 1919 3788 leget,
1946 3708 2033 3769 sic
2060 3728 2187 3783 θος,
2222 3720 2291 3770 ut
2314 3710 2411 3769 bic
2438 3712 2787 3773 accentibus·

591 3816 892 3881 notantur,
930 3804 1372 3887 pronuntiabitz
1417 3825 1560 3881 non,
1601 3815 1672 3867 ut
1710 3806 1875 3885 pueri
1914 3804 1974 3864 in
2019 3803 2257 3880 scholis,
2299 3804 2377 3865 ad
2416 3805 2779 3887 singulorum

591 3904 812 3983 pedum
837 3903 1026 3979 initia,

827 4030 1228 4093 'Italiam'fat6
1253 4030 1539 4113 profugus
1567 4027 1907 4107 Lavinaque
1934 4026 2114 4097 venit,

591 4144 696 4209 sed
723 4144 800 4207 ad
829 4145 1162 4231 rhythmum
1190 4145 1371 4207 totius
1398 4163 1625 4207 versus.
1712 4142 1823 4205 Ubi
1853 4138 2018 4203 nulla
2043 4157 2179 4212 vox,
2225 4146 2291 4197 ut
2331 4137 2518 4213 vides,
2562 4158 2771 4203 aceen-
