3234 4934
602 372 731 439 112
1022 390 1213 437 Loca
1264 388 1678 439 MENANDM
1727 391 1820 441 ΒΤ
1865 393 2350 449 Aronnonom

602 532 779 604 Quod
805 531 866 593 in
890 532 1252 611 increpando
1279 550 1423 613 erga
1446 532 1634 593 filium
1661 533 1740 595 sit
1767 552 1985 597 saevus.

602 637 620 664 ⁸
651 628 980 689 Periculum
1008 647 1083 687 ex
1112 628 1282 689 aliis.'
1362 628 1499 689 Huc
1526 631 1780 709 pertinet
1801 632 1952 692 illud
1982 633 2292 695 Menandri
2317 654 2332 695 ε

602 726 843 785 Βλέπων
871 724 1205 801 πεπαίδενμ’
1231 728 1311 784 εἷς
1335 729 1407 784 τὰ
1434 735 1545 785 τῶν
1572 728 1770 787 ἄλλων
1799 730 1958 790 κακά.

602 819 769 880 Mala
792 820 1027 880 intuens
1056 820 1321 897 aliorum,
1350 820 1563 882 doctus
1592 842 1709 903 ego
1738 823 1838 883 fui.

1440 960 1580 1024 Act.
1612 982 1693 1024 11.
1735 964 1836 1027 Sc.
1869 984 1948 1027 11.

602 1078 618 1107 ‘
646 1072 922 1146 Occasio,
948 1072 1159 1147 locus,'
1183 1076 1299 1133 διο.
1382 1072 1746 1135 Menander:

602 1170 794 1245 Μικρὰ
816 1172 1087 1250 πρόφασίς
1112 1172 1233 1230 ἐστι
1260 1176 1357 1229 τοῦ
1391 1177 1597 1249 πρᾶξαι
1619 1182 1813 1232 κακῶς.

600 1263 698 1325 Ad
724 1284 901 1345 prave
929 1263 1244 1345 agendum,
1271 1283 1454 1345 parva
1480 1266 1628 1327 satis
1655 1267 1892 1329 occasio
1921 1278 2034 1329 est.

1429 1426 1567 1485 Act.
1598 1444 1679 1486 11.
1737 1426 1836 1487 Sc.
1869 1446 1982 1486 111.

602 1546 621 1575 ⁶
647 1539 965 1599 Texentem
992 1516 1174 1598 telam
1202 1536 1505 1612 studiose,’
1544 1542 1660 1599 διο.
1743 1537 2077 1600 Menander
2121 1540 2280 1619 apud
2325 1540 2397 1601 P.
2427 1542 2646 1605 Victor.
2693 1543 2794 1602 lib.

689 1654 788 1695 rx.
815 1653 949 1714 cap.
988 1636 1083 1694 15.
1112 1632 1253 1695 Var.
1284 1632 1447 1693 Lect.

603 1732 696 1806 Ἐξ
720 1732 968 1810 ἶσταρίου
997 1734 1109 1809 γὰρ
1138 1732 1406 1809 ἐκρέματο
1433 1733 1746 1810 φιλοπόνως
1771 1731 1944 1791 πάνυ.

603 1827 881 1887 Animum
909 1846 947 1886 a
972 1825 1093 1885 tela
1123 1843 1481 1905 suspensum
1509 1828 1750 1887 omnino
1779 1826 2044 1887 studiose
2073 1828 2424 1906 occupabat.

606 1929 623 1956 ‘
657 1923 791 1982 Una
817 1920 1098 1981 ancillula
1123 1920 1287 1994 erat,’
1314 1924 1427 1980 διο.
1510 1922 1847 1983 Menander
1874 1922 2033 2004 apud
2075 1922 2430 1985 Politianum
2456 1943 2471 1981 :

604 2020 726 2079 Kal
754 2020 1077 2097 θεραπαινὶς
1101 2014 1172 2088 ἦν
1206 2022 1330 2096 μία·
1379 2020 1521 2090 αὕτη

603 2114 918 2196 Σννῦφαινε
938 2116 1191 2193 ρυπαρῦς
1217 2112 1559 2194 διακειμένη.

606 2210 687 2270 Et
712 2229 833 2270 una
858 2207 1140 2268 ancillula
1166 2218 1328 2277 eretz

608 2306 781 2377 Haec,
808 2303 1032 2365 sordidi
1062 2303 1240 2363 animi
1270 2302 1471 2383 plena,
1496 2312 1788 2365 texturam
1815 2324 1936 2365 una
1961 2304 2238 2367 faciebat.

609 2409 626 2435 ‘
658 2400 915 2461 Facinus
943 2418 1223 2479 magnum
1253 2408 1315 2459 et
1340 2398 1763 2460 memorabile!
1842 2400 2174 2462 Menander
2195 2421 2216 2462 ε

611 2496 796 2571 Μέγα
824 2499 915 2554 καὶ
940 2494 1277 2573 περιβόητον
1304 2496 1493 2569 ἔργον.

609 2597 626 2625 ‘
658 2591 730 2650 In
757 2609 953 2650 aurern
980 2588 1263 2650 utramvis
1286 2600 1355 2651 ut
1384 2588 1690 2651 dormias!
1775 2590 2062 2652 Menand.
2096 2590 2330 2652 Plautio
2355 2612 2371 2650 ε

606 2688 733 2749 Ἐπ’
757 2690 1102 2768 ἀμφοτέραν,
1131 2688 1205 2746 ἵν’
1230 2688 1521 2763 ἐπίκληρος
1547 2683 1605 2770 ᾖ,
1633 2690 1836 2765 μέλλει
1867 2685 2253 2759 καθευδήσων.

608 2785 682 2845 In
708 2802 908 2845 aurem
937 2792 1269 2861 utramque,
1295 2780 1780 2861 quandoquidem
1808 2782 2018 2843 dotata
2043 2792 2157 2856 est,
2183 2783 2382 2843 cubet.

611 2887 627 2915 ‘
654 2880 725 2939 In
752 2900 886 2941 eum
904 2879 1030 2959 jam
1053 2897 1148 2939 res
1176 2876 1349 2939 rediit
1374 2876 1593 2951 locum,
1618 2887 1689 2939 ut
1715 2879 1794 2940 sit
1820 2878 2108 2941 necesse!
2188 2876 2558 2940 Menander:

608 2976 765 3054 Τρία
792 2981 904 3055 γάρ
933 2978 1073 3049 ἐστι,
1097 2974 1367 3047 δέσποτα,
1397 2972 1467 3035 δι’
1494 2972 1577 3035 ὦν
1603 2978 1834 3037 ἅπαντα
1863 2981 2150 3053 γίγνεται·

594 3066 682 3129 ’Ἡ
708 3075 845 3133 κατὰ
874 3076 1095 3152 νόμους,
1121 3074 1158 3143 ἢ
1183 3080 1305 3132 ταῖς
1326 3075 1625 3148 ἅνάγκαιε,
1653 3077 1761 3149 ἥγε
1789 3074 1998 3151 τρίτον,
2025 3076 2142 3133 ἔθει
2165 3078 2294 3133 τινί.

611 3166 709 3226 Ad
735 3186 830 3227 res
860 3168 1153 3245 gerendas
1178 3167 1272 3226 his
1302 3169 1487 3227 tribus
1515 3167 1943 3247 compellimur,

612 3260 1006 3333 Necessitate,
1044 3262 1200 3342 lege,
1229 3262 1684 3322 consuetudine.

1450 3414 1587 3474 Act.
1618 3434 1701 3474 11.
1755 3414 1856 3475 Sc.
1890 3434 1974 3473 lv.

615 3534 632 3561 ‘
666 3527 893 3585 Formoe
922 3545 1115 3607 πνοι-οε
1143 3523 1482 3589 consimiles
1510 3524 1708 3587 sient.'
1791 3522 2122 3585 Menander
2147 3522 2306 3604 apud
2337 3523 2636 3583 Stobaeum
2663 3546 2681 3585 ε

602 3620 795 3683 Ὅταν
817 3628 981 3700 φύσει
1005 3622 1067 3682 τὸ
1094 3621 1298 3681 κάλλος
1322 3623 1617 3701 ἐπικοσμεῖ
1649 3625 1848 3699 τρόπος

614 3717 883 3794 Χρηστὸς,
913 3716 1221 3777 διπλασίως
1247 3722 1495 3794 προσιὸν
1516 3720 1830 3780 ἁλίσκεται.

616 3812 873 3881 Quando
900 3832 1093 3873 mores
1121 3810 1327 3873 faciles
1354 3814 1609 3873 naturali
1636 3814 1841 3875 formae
1871 3821 2142 3875 ornatum
2183 3810 2456 3883 afferunt,
2507 3810 2803 3871 ventitans

694 3906 1009 3988 dupliciter
1036 3910 1285 3988 capitur.

618 4012 635 4039 ⁸
668 4005 797 4065 Nos
826 4023 1063 4084 quoque
1092 4022 1265 4064 senes
1293 4014 1386 4065 est
1412 4023 1652 4083 aequum
1680 4004 1918 4065 senibus
1946 4002 2234 4083 obsequi!
2317 3999 2682 4061 Menander:

616 4098 805 4177 Γέρων
828 4106 1053 4179 γέροντι
1070 4104 1346 4177 γλῶσσαν
1372 4098 1607 4171 ἡδίστην
1634 4102 1777 4181 ἔχει.

616 4194 772 4258 Παῖς
796 4195 977 4271 παιδὶ,
1014 4200 1105 4259 καὶ
1134 4200 1355 4273 γυναικὶ
1380 4199 1694 4276 πρόσφορον
1722 4204 1884 4273 γυνή.

1629 4310 1659 4342 ⁴.
