3234 4934
1037 444 1134 493 ns
1179 440 1460 493 Msrms
1507 440 2047 493 rsasu‘rmms.
2489 426 2621 493 237

1337 644 1699 705 CAESURA.

497 776 699 837 'Omne
723 792 992 835 versuum
1021 793 1213 853 genus
1243 791 1410 833 suam
1436 773 1618 832 habet
1641 792 1926 833 coesuram
1957 773 2081 833 sive
2110 772 2475 845 incisionem,
2497 793 2618 853 qua

427 874 670 932 ‘verbum
696 870 1057 943 terminatur,
1100 879 1162 929 et
1199 889 1314 928 vox
1355 868 1413 926 in
1443 867 1695 927 decursu
1728 867 1967 947 paulum
1994 868 2419 948 interquiescit.
2505 869 2618 929 Illa

425 965 552 1027 sere
579 984 807 1026 coesura
827 964 1119 1025 Romanis
1144 962 1386 1043 placuit,
1413 982 1548 1042 quae
1577 962 1638 1020 in
1668 963 1859 1042 priore
1887 962 2041 1022 tertii
2070 964 2241 1044 pedis
2270 963 2500 1044 syllaba
2518 966 2613 1024 fit:

429 1069 501 1120 ut
526 1060 586 1121 in
615 1060 888 1121 heroico:

667 1171 850 1230 Arma
872 1170 1177 1249 virumque
1203 1187 1356 1230 cano
1390 1168 1404 1251 Ι
1435 1168 1628 1248 Trojae
1657 1168 1755 1247 qui
1781 1168 2003 1248 primus
2032 1171 2107 1229 ab
2136 1170 2254 1229 oris

657 1264 895 1325 Italiam
918 1264 1043 1325 fato
1078 1263 1090 1347 Ι
1125 1265 1410 1343 profugus
1441 1264 1775 1343 Lavinaque
1798 1264 1963 1323 venit

667 1359 914 1430 Littera,
941 1358 1188 1419 multum
1212 1358 1312 1418 ille
1335 1369 1399 1419 et
1429 1357 1440 1439 Ι
1474 1357 1644 1418 terris
1661 1360 1923 1437 jactatus
1952 1367 2012 1419 et
2040 1359 2163 1420 alto

667 1454 745 1514 Vi
771 1473 1065 1533 superum,
1094 1473 1269 1513 saevae
1295 1452 1318 1535 Ι
1349 1471 1665 1514 memorem
1686 1454 1946 1514 Junonis
1974 1455 2051 1514 ob
2077 1455 2242 1515 iram.

423 1582 616 1643 Varro
659 1581 900 1662 quidem
947 1581 1106 1663 apud
1155 1581 1412 1643 Gellium
1459 1602 1671 1642 xvm.
1706 1584 1799 1642 15.
1842 1582 2051 1642 scribit
2084 1583 2429 1644 observasse
2458 1585 2611 1645 sein

421 1697 600 1739 ¹versu
625 1676 986 1750 hexametro,
1027 1678 1188 1757 quod
1215 1677 1554 1739 omnimodo
1579 1677 1821 1756 quintus
1865 1678 2119 1757 semipes
2160 1677 2247 1757 (id
2294 1687 2406 1751 est,
2454 1680 2612 1757 prior

424 1773 596 1852 pedis
639 1773 791 1834 tertii
833 1772 1087 1852 syllaba)
1128 1773 1370 1833 verbum
1412 1772 1624 1831 finiret.
1706 1772 1944 1845 Mirum,
1994 1771 2157 1852 quod
2198 1780 2216 1807 ‘
2237 1773 2611 1834 omnimodo’

425 1866 658 1941 dixerit,
679 1886 814 1927 cum
843 1867 1148 1926 Lucretius
1167 1866 1289 1945 jam
1313 1875 1436 1926 tum
1463 1865 1807 1926 variaverit:

666 1975 1002 2036 Reddenda
1023 1976 1086 2035 in
1111 1975 1261 2036 ratio
1295 1974 1309 2055 Ι
1343 1995 1421 2036 ne
1445 1994 1678 2049 vocare,
1705 1985 1767 2035 et
1793 1977 2018 2036 semina
2042 1996 2267 2038 rerum:

427 2080 490 2131 et
514 2070 828 2131 Catullus:

665 2166 884 2225 Omnia
907 2163 1088 2225 fanda
1114 2165 1292 2226 nefan
1321 2164 1337 2247 {
1373 2164 1454 2225 da
1475 2166 1638 2227 malo
1662 2166 1951 2247 permissa
1976 2167 2192 2227 furore.

423 2260 646 2321 Postea
679 2260 900 2339 soepius
924 2258 1206 2339 'Virgilius
1223 2278 1247 2319 z

665 2353 938 2435 Lyrnessi
967 2354 1178 2415 domus
1205 2352 1261 2413 al
1296 2354 1310 2433 Ι
1341 2363 1425 2428 ta,
1453 2354 1584 2415 solo
1611 2352 1903 2417 Laurente
1931 2357 2285 2436 sepulcrum.

421 2450 717 2511 Homerus
745 2458 942 2510 autem
969 2448 1108 2508 elim
1138 2448 1488 2528 saepissime,

661 2560 1006 2638 Οὔλομένην
1030 2566 1066 2631 ἢ
1089 2560 1168 2639 μῦ
1200 2557 1214 2641 Ι
1245 2564 1315 2637 ρι’
1338 2559 1600 2641 Ἀχαιοῖς
1624 2560 1794 2636 ἄλγε’
1824 2562 2037 2633 ἔθηκεν.

423 2670 564 2730 Non
605 2676 626 2706 ‘
649 2669 1020 2732 omnimodo’
1058 2672 1240 2750 igitur
1265 2670 1488 2729 dictum
1515 2673 1809 2751 oportuit:
1856 2672 1965 2732 sed
2005 2678 2024 2707 ‘
2046 2672 2431 2754 plerumque-⁹

497 2766 572 2829 In
600 2765 898 2847 Sapphico
925 2765 1188 2825 similiter
1213 2764 1464 2825 Romani
1493 2767 1702 2844 quinto
1728 2766 1849 2827 fere
1876 2766 2215 2848 semipede:

655 2877 979 2938 Pindarum
1008 2876 1275 2955 quisquis
1309 2872 1323 2957 Ι
1358 2875 1562 2936 studet
1586 2877 1872 2951 aemulari,

652 2971 816 3043 „Jule‚
839 2972 1051 3031 ceratis
1086 2970 1098 3048 Ι
1131 2988 1245 3048 ope
1275 2967 1564 3029 Daedalea

659 3064 880 3125 Nititur
903 3064 1115 3145 pennis
1151 3062 1164 3145 Ι
1198 3064 1384 3122 vitreo
1406 3062 1654 3123 daturus

1231 3158 1492 3219 Nomina
1517 3167 1725 3237 ponto.

494 3277 568 3337 In
595 3274 876 3336 Alcaico:
920 3271 1204 3334 Doctrina
1233 3270 1339 3332 sed
1368 3272 1486 3332 vim
1522 3270 1534 3350 Ι
1566 3280 1871 3351 promovet
1896 3271 2153 3345 insitam,

1077 3366 1364 3446 Rectique
1392 3366 1585 3425 cultus
1622 3366 1634 3446 Ι
1667 3370 1910 3445 pectora
1935 3368 2231 3429 roborant.

495 3482 570 3539 ln
595 3479 929 3539 Phaloecio:
971 3476 1184 3538 Multis
1209 3477 1310 3538 ille
1335 3478 1510 3538 bonis
1545 3476 1556 3560 Ι
1589 3478 1799 3539 flebilis
1827 3479 2080 3541 occidit:

1131 3574 1297 3634 Nulli
1318 3574 1564 3634 flebilior
1596 3574 1609 3655 Ι
1642 3594 1819 3655 quam
1846 3576 1971 3650 tibi,
1992 3574 2221 3656 Virgili.

409 3685 522 3745 :Sic
547 3694 609 3744 et
633 3682 693 3743 in
721 3682 914 3743 iambo
944 3684 1239 3743 trimetro:

733 3794 872 3854 Jam
889 3792 1016 3871 jam
1039 3793 1270 3853 efficaci
1302 3792 1314 3872 Ι
1349 3794 1430 3854 do
1447 3814 1664 3856 -manus
1687 3796 1993 3858 scientioe:

735 3887 1000 3967 Supplex
1023 3898 1086 3947 et
1109 3906 1214 3949 oro
1247 3889 1259 3967 Ι
1292 3908 1476 3967 regna
1501 3909 1604 3967 per
1630 3891 2023 3972 Proserpinae,

735 3982 853 4042 Per
877 3991 940 4042 et
967 3981 1178 4041 Dianae
1211 3982 1225 4063 Ι
1260 4002 1377 4044 non
1405 3983 1698 4043 movenda
1724 3986 1982 4059 numina,

734 4078 852 4141 Per
877 4089 1054 4159 atque
1078 4077 1260 4139 libros
1292 4079 1305 4159 Ι
1335 4079 1657 4141 carminum
1680 4080 1997 4149 valentium

729 4174 944 4237 Reflxa
967 4174 1119 4237 coelo
1149 4173 1165 4255 Ι
1199 4173 1486 4236 devocare
1513 4174 1725 4239 sidera.
