3234 4934
605 379 737 447 220
1338 398 1802 448 snaucrscus
1848 398 2057 447 nana

607 549 670 599 et
695 538 972 598 adverbia
1000 556 1115 598 non
1147 556 1367 617 pauca:
1413 558 1608 610 nemo,
1653 540 1912 619 inquam,
1954 549 2067 610 est,
2098 539 2197 618 qui
2226 558 2343 599 non
2376 542 2556 603 sentit
2589 538 2794 626 hujus·

605 634 767 695 modi
791 637 969 695 verba
995 634 1433 713 quodammodo
1469 636 1823 714 praeeipitari
1868 646 1930 694 et
1974 635 2151 694 nimia
2193 635 2491 698 celeritate
2520 640 2689 709 ferri:
2734 644 2793 703 in

605 732 794 791 verbis
823 731 1000 791 etiam
1028 731 1120 789 vel
1168 732 1600 809 prolixioribus,
1630 732 1721 790 vel
1748 730 1999 791 durioris
2030 731 2181 804 soni,
2220 752 2470 812 quoeque
2496 734 2793 799 difficilius

607 826 1003 905 proferuntur,
1050 827 1248 887 literas
1297 828 1445 887 alias
1488 827 1755 900 emolliri,
1784 828 1930 887 alias
1980 828 2280 908 supprimi,
2308 846 2602 907 vocesque
2647 834 2791 897 alias

608 923 665 980 in
695 922 913 995 medi0,
939 919 1085 983 alias
1114 924 1175 981 in
1203 924 1318 983 fine
1348 923 1580 1003 syllaba
1607 924 1885 996 truncari,
1912 942 2199 1003 verasque
2228 925 2582 1005 syllabarum
2607 948 2794 1007 quan-

606 1020 806 1079 titates
832 1020 976 1079 mire
1004 1020 1248 1099 corripi3
1291 1020 1488 1079 multis
1517 1019 1772 1099 denique
1800 1020 1993 1080 modis
2020 1022 2173 1080 effici
2202 1030 2269 1080 ut
2290 1042 2467 1101 quam
2494 1024 2792 1086 minimum

607 1116 884 1194 temporis
930 1116 1080 1175 inter
1127 1115 1629 1176 confabulandum
1655 1118 1845 1177 verbis
1892 1117 2255 1196 proferendis
2296 1119 2641 1192 insumatur,
2681 1118 2794 1178 nisi

609 1212 709 1269 ubi
737 1211 1135 1272 vehementior
1159 1212 1457 1291 loquentis
1485 1212 1757 1285 affectuS,
1804 1223 1909 1273 aut
1955 1213 2036 1273 rei
2080 1213 2155 1273 de
2203 1233 2323 1292 qua
2368 1214 2561 1293 agitur
2586 1226 2797 1276 natura

609 1308 891 1385 postulet,
919 1318 987 1368 ut
1012 1309 1070 1367 in
1100 1309 1215 1369 hoc
1241 1309 1335 1369 vel
1363 1309 1466 1369 illo
1494 1311 1673 1370 verbo
1700 1308 1989 1389 insignior
2016 1328 2178 1376 mona
2203 1310 2326 1368 fiat.

689 1404 752 1462 Si
784 1403 915 1483 quis
947 1404 1098 1463 adeo
1141 1404 1350 1464 harum
1392 1424 1583 1464 rerum
1615 1406 1947 1465 incuriosus
1975 1414 2087 1478 est,
2134 1416 2199 1465 ut
2242 1405 2385 1465 nihil
2430 1427 2686 1486 unquam
2718 1407 2793 1468 de

610 1499 1084 1577 pronuntiatione
1133 1500 1352 1579 linguae
1404 1501 1513 1559 sibi
1537 1501 1869 1561 vernaculoe
1896 1499 2189 1579 cogitarit,
2236 1502 2382 1580 quid
2408 1502 2582 1563 velim
2622 1502 2795 1563 facile
2864 1578 2873 1587 ·

613 1592 920 1671 intelliget,
965 1595 1014 1653 si
1062 1595 1122 1653 in
1173 1595 1432 1655 animum
1473 1606 1733 1667 revocet,
1782 1595 1925 1674 quid
1968 1594 2095 1674 ipse
2136 1596 2403 1669 senserit,
2449 1599 2500 1656 si
2535 1616 2796 1677 unquam

611 1688 881 1749 homines
909 1698 1144 1751 exteros·
1169 1690 1419 1752 audierit
1456 1710 1727 1751 sermone
1750 1692 2059 1771 peregrino
2086 1700 2149 1751 et
2172 1691 2285 1750 sibi
2312 1712 2553 1771 prorsus
2588 1694 2796 1771 ignoto

611 1785 1018 1864 colloquentes
1044 1808 1059 1846 z
1105 1805 1300 1848 nonne
1341 1786 1452 1866 ipsi
1484 1788 1588 1847 visi
1618 1798 1760 1848 sunt
1796 1788 1955 1847 miris
1982 1788 2175 1847 modis
2202 1789 2381 1848 verba
2406 1788 2795 1869 praeeipitare,

610 1878 890 1953 incidere,
919 1882 1218 1955 devorare,
1269 1893 1330 1943 et
1372 1882 1681 1943 dimidiata
1722 1882 1973 1963 plurima
2018 1884 2295 1962 proferre,
2338 1896 2407 1943 ut
2451 1884 2592 1943 nihil
2624 1883 2799 1963 plane

611 1985 674 2035 et
699 1976 978 2037 distincte
1005 1977 1272 2039 exaudiri
1317 1978 1616 2059 potuerit?
1671 1980 1857 2039 Immo
1904 1979 2007 2057 qui
2048 1988 2295 2039 eatenus
2323 1979 2587 2059 linguam
2614 1980 2802 2039 exoti-

611 2091 742 2132 cam
770 2083 994 2146 tenent,
1043 2085 1109 2136 ut
1136 2076 1353 2155 scripta
1378 2075 1565 2136 oculis
1607 2076 1876 2155 subjecta
1903 2076 2085 2154 probe
2113 2075 2469 2153 intelligant,
2510 2074 2626 2135 illis
2654 2075 2798 2153 ipsis

613 2168 880 2251 homiues
909 2169 1114 2249 lingua
1154 2172 1270 2231 ista
1297 2170 1747 2241 confabulantes
1798 2179 1966 2229 tanta
2010 2169 2307 2229 celeritate
2334 2172 2511 2228 verba
2554 2169 2800 2228 sundere

608 2263 904 2339 videntur,
955 2276 1023 2326 ut
1073 2285 1192 2326 non
1241 2264 1420 2325 modo
1473 2265 1679 2335 literae,
1730 2274 1833 2322 aut
1877 2262 2146 2343 syllabae,
2196 2261 2305 2321 sed
2350 2262 2578 2341 integra
2621 2266 2797 2323 etiam

609 2361 788 2419 verba
816 2381 974 2440 saepe
1001 2380 1104 2420 eos
1148 2362 1419 2438 fugiant:
1461 2360 1618 2440 quod
1650 2378 1788 2419 vero
1818 2368 1927 2419 nos
1962 2358 2037 2418 de
2067 2357 2795 2438 exteris-colloquentibus

614 2455 916 2525 sentimus,
957 2454 1113 2513 idem
1163 2453 1246 2512 illi
1275 2453 1448 2513 etiam
1480 2455 1555 2514 de
1595 2456 1786 2515 nobis.
1870 2454 2048 2523 Quod
2078 2452 2339 2513 ostendit
2382 2454 2499 2514 hoc
2528 2454 2797 2515 omnibus

611 2549 825 2628 linguis
857 2558 1065 2609 natura
1092 2550 1327 2611 insitum
1355 2568 1510 2623 esse,
1537 2560 1605 2609 ut
1647 2550 1897 2611 celerius
1939 2550 2325 2630 proferantur,
2372 2570 2546 2629 quam
2590 2551 2798 2629 legan-

612 2654 724 2715 tur,
753 2662 888 2703 cum
917 2644 1103 2703 multa
1148 2665 1283 2723 quae
1319 2646 1491 2725 plene
1541 2644 1899 2719 scribuntur,
1938 2666 2059 2705 non
2086 2656 2283 2706 tamen
2324 2645 2500 2725 plene
2540 2664 2799 2726 pronun-

612 2738 869 2808 tientur;
913 2741 1020 2801 sed
1060 2741 1209 2802 inter
1245 2740 1604 2821 loquendum
1648 2742 1766 2801 alia
1806 2753 2144 2821 premantur
2184 2743 2440 2822 penitus,
2483 2741 2597 2801 alia
2624 2739 2800 2799 muti-

611 2836 826 2907 lentur,
857 2839 930 2897 ab
959 2837 1088 2896 aliis
1126 2840 1316 2919 asperi
1361 2837 1582 2917 aliquid
1611 2837 1945 2908 abradatur,
1995 2837 2120 2897 aliis
2150 2856 2259 2896 sua
2286 2836 2587 2915 quantitas
2615 2836 2799 2915 insig-

613 2935 762 2993 niter
801 2934 1208 3003 imminuatur;
1276 2934 1393 2995 alia
1440 2934 1697 3012 denique
1742 2944 1863 2994 tam
1912 2934 2119 3015 raptim
2172 2932 2507 3001 efferantur,
2554 2941 2624 2990 ut
2675 2946 2796 2990 non

610 3029 790 3091 modo
837 3031 969 3091 duae
997 3042 1189 3091 tresve
1217 3031 1485 3111 syllabae,
1527 3030 1637 3091 sed
1678 3030 1973 3091 interdum
2013 3031 2188 3089 etiam
2232 3028 2353 3088 duo
2392 3028 2484 3087 vel
2534 3028 2643 3087 tria
2668 3045 2796 3086 ver-

611 3128 690 3185 ba
717 3129 774 3185 in
802 3148 982 3188 unum
1012 3127 1302 3188 coaluisse
1330 3129 1661 3187 videantur.

697 3222 778 3281 Ut
800 3222 932 3281 hoec
980 3220 1398 3301 pronuntiandi
1427 3222 1574 3281 ratio
1610 3221 1672 3279 in
1714 3240 1895 3281 scena
1934 3222 2109 3280 etiam
2159 3226 2505 3289 servaretur,
2552 3234 2796 3277 necesse

613 3318 727 3377 fuit
750 3328 818 3376 ut
842 3318 1036 3396 poetae
1061 3318 1122 3376 in
1153 3318 1412 3377 versibus
1453 3315 1903 3395 compingendis
1944 3333 2063 3373 non
2108 3324 2225 3373 tam
2272 3322 2625 3392 spectarent,
2652 3311 2797 3389 quid

613 3413 821 3474 oculus
849 3412 1131 3491 postulet,
1160 3430 1336 3491 quam
1363 3410 1507 3490 quid
1550 3411 1626 3470 ab
1654 3430 1793 3470 aure
1822 3408 2224 3476 desideretur3
2266 3406 2618 3487 qualemque
2646 3410 2798 3487 pub·

611 3507 726 3569 lice
752 3509 976 3569 recitati
1007 3527 1214 3568 sonum
1241 3506 1500 3567 effecturi
1529 3514 1754 3577 essent,
1796 3506 1991 3583 potius
2021 3522 2196 3583 quam
2226 3522 2347 3582 qua
2374 3502 2570 3583 specie
2596 3513 2799 3563 essent

613 3602 792 3663 tacite
819 3604 975 3664 lecti.

697 3700 846 3759 Hoec
874 3720 1010 3760 vera
1039 3701 1204 3780 origo
1233 3710 1410 3781 atque
1439 3700 1671 3772 unicus,
1700 3700 1927 3780 opinor,
1969 3698 2103 3761 fons
2129 3696 2499 3759 licentiarum
2524 3696 2645 3755 fere
2671 3712 2796 3753 om-

613 3796 796 3867 nium,
858 3816 992 3875 quae
1047 3797 1104 3854 in
1149 3808 1407 3857 veterum
1452 3797 1826 3856 Comicorum
1888 3796 2119 3875 scriptis
2168 3800 2502 3864 occurrunt,
2544 3809 2795 3869 quaeque

613 3903 812 3951 tantas
839 3891 1195 3952 offensiones
1235 3892 1514 3971 objiciunt
1557 3892 1873 3952 lectoribus
1912 3891 2118 3951 harum
2162 3906 2355 3950 rerum
2396 3886 2697 3966 imperitis,
2734 3892 2798 3943 et

616 3988 859 4048 eruditis
887 3988 1086 4061 etiarn,
1113 3990 1213 4067 qui
1243 4006 1458 4049 causas
1501 4008 1697 4047 earum
1728 3987 2079 4066 investigare
2107 3984 2511 4062 neglexerunt.
2574 3980 2795 4039 Plerae·

615 4102 732 4162 que
760 4085 914 4144 enim
941 4104 1144 4145 omnes
1183 4084 1392 4146 eodem
1435 4083 1708 4156 tendant,
1758 4094 1825 4143 ut
1848 4102 2017 4142 veras
2046 4082 2401 4161 syllabarum
2432 4076 2792 4159 quantitates

615 4180 983 4256 imminuant,
1037 4190 1098 4243 et
1145 4180 1439 4262 prosodiae
1491 4180 1721 4262 legibus
1758 4176 2142 4262 producenda
2190 4175 2527 4255 corripiant,
2566 4189 2687 4251 quo
2714 4169 2793 4230 ad
2830 4212 2837 4223 .
