3234 4934
1172 480 1363 529 mvn
1413 481 1890 532 casum-1³10.
2491 472 2618 537 131

415 624 747 685 trochaicos
794 634 857 685 et
902 622 1183 685 iambicos
1232 632 1629 695 tetrametros‚
1677 624 1774 683 vix
1827 633 1894 683 ut
1940 622 2270 686 discernere
2317 626 2615 687 interdum

416 722 648 799 possis:
678 720 836 781 unde
864 721 1135 780 nimirum
1162 722 1230 779 fit
1252 720 1583 800 aliquoties,
1612 732 1699 795 ut,
1729 738 1881 800 quos
1911 721 2060 781 forte
2092 722 2304 801 aliquis
2331 719 2614 785 iambicos

416 835 549 877 csse
576 816 909 889 crediderit,
954 808 1127 876 iidem
1172 816 1455 877 trochaici
1502 816 1698 875 verius
1737 817 1962 877 censeri
1993 827 2236 896 queant.
2319 818 2506 898 Cujus
2535 821 2617 879 rei

415 930 549 972 cum
597 913 715 973 alia
756 913 943 973 multa
970 914 1243 993 exempla
1268 923 1429 985 sunt,
1468 923 1592 973 tum
1620 912 2160 979 commodissimum
2188 914 2365 974 suerit
2392 934 2464 974 ex
2493 915 2617 974 An-

420 1006 567 1079 dria,
615 1028 797 1069 scena
842 1008 1029 1088 prima
1073 1020 1243 1069 actus
1271 1008 1501 1087 quinti:
1548 1009 1646 1068 ubi
1675 1008 1826 1069 duos
1855 1010 2074 1088 primos
2103 1028 2330 1082 versus,
2375 1009 2468 1069 vel
2511 1031 2616 1091 per

422 1102 645 1163 iambos
674 1104 911 1183 aliquis,
940 1105 1030 1165 vel
1062 1124 1165 1184 per
1191 1104 1487 1164 trochaeos
1518 1104 1712 1164 metiri
1739 1105 1951 1185 possit,
1979 1106 2090 1165 nisi
2117 1103 2280 1183 quod
2304 1106 2620 1185 insequen-

420 1208 509 1257 tes
541 1218 745 1258 versus
773 1217 876 1278 per
898 1199 1197 1259 trochaeos
1226 1218 1361 1259 esse
1389 1199 1721 1259 metiendos
1750 1200 2036 1261 indicant.
2120 1200 2268 1260 Inde
2312 1220 2470 1261 error
2519 1220 2619 1261 eo-

422 1312 575 1367 rum,
616 1295 716 1373 qui
746 1294 1031 1355 iambicos
1056 1293 1381 1374 quadratos
1412 1314 1544 1354 esse
1575 1306 1950 1369 annotarunt,
1992 1316 2127 1357 cum
2156 1297 2346 1377 quivis
2374 1316 2494 1357 non
2525 1316 2622 1357 ru-

422 1390 699 1451 dissimus
730 1390 907 1468 plane
932 1390 1139 1451 harum
1168 1410 1358 1450 rerum
1386 1391 1713 1451 trochaicos
1744 1410 1877 1451 esse
1903 1391 2124 1452 videat.
2181 1392 2296 1453 Hic
2321 1391 2470 1451 illud
2496 1392 2623 1451 obi-

422 1498 532 1557 ter,
574 1487 841 1564 quamvis
884 1486 1031 1557 leve,
1076 1486 1513 1547 admonendum
1562 1498 1745 1567 puto:
1787 1488 1928 1549 mire
1973 1486 2270 1547 interdum
2311 1488 2500 1547 Poeta
2545 1487 2623 1549 do

424 1582 717 1642 industria
743 1584 1098 1643 sententiam
1128 1604 1343 1663 genere
1370 1585 1505 1663 ipso
1532 1585 1704 1644 metri
1738 1584 1948 1664 juvare
1983 1584 2256 1644 videtur:
2300 1584 2462 1643 velut
2502 1584 2622 1642 ibit

425 1686 443 1713 ⁴
470 1678 567 1736 Dii
593 1678 753 1751 boni,
798 1679 937 1737 boni
980 1677 1124 1758 quid
1167 1679 1384 1759 porto?
1426 1679 1533 1740 sed
1582 1680 1680 1740 ubi
1733 1680 2029 1741 inveniam
2082 1678 2497 1760 Pamphilum?
2543 1679 2625 1738 Ut

426 1784 644 1835 metum
686 1774 749 1833 in
791 1794 911 1854 quo
940 1794 1095 1835 nunc
1120 1785 1217 1836 est
1244 1775 1521 1848 adimam,
1570 1787 1750 1856 atque
1780 1776 2047 1855 expleam
2077 1775 2334 1836 animum
2366 1774 2626 1855 gaudio,’

428 1875 541 1930 dcc.
626 1869 740 1929 Ubi
788 1870 1074 1931 trochaici
1122 1869 1395 1931 carminis
1446 1890 1624 1931 cursu
1667 1882 1731 1931 et
1776 1872 2142 1933 volubilitate
2190 1872 2626 1933 festinationem

430 1976 817 2043 repraesentat
845 1967 1063 2026 servuli
1096 1967 1423 2027 insolenter
1450 1968 1792 2041 exultantis,
1819 1980 1882 2027 et
1908 1968 2211 2029 alacritate
2239 1969 2419 2028 nimia
2447 1968 2630 2046 gesti-

432 2062 610 2123 entis.
694 2062 991 2131 Quocirca
1016 2054 1239 2142 passim
1280 2064 1598 2138 trochaeos,
1641 2064 1988 2135 tribrachos,
2032 2074 2368 2143 anapaestos
2411 2063 2632 2123 admis-

432 2160 557 2218 cuit
578 2178 597 2217 z
638 2158 822 2240 pedes
842 2158 1089 2229 scilicet,
1108 2159 1320 2237 quibus
1350 2159 1620 2219 celeritas
1646 2160 1994 2238 plerumque
2024 2179 2061 2218 a
2086 2159 2297 2218 ceteris
2326 2159 2464 2217 item
2491 2158 2631 2235 po‘el·

434 2254 510 2313 tis
540 2254 785 2333 exprimi
816 2254 987 2313 solet.
1074 2254 1351 2314 Similiter
1380 2254 1439 2313 in
1469 2255 1761 2315 Eunucho
1789 2256 2046 2315 subitum
2073 2272 2376 2333 egressum
2417 2254 2632 2332 puellas

433 2353 789 2429 perturbatae
816 2349 1115 2409 celeritate
1154 2350 1284 2430 ipsa
1328 2351 1545 2429 pedum
1588 2351 1920 2429 expressit:
1957 2350 2063 2409 ubi
2108 2349 2424 2409 Phoedria:
2469 2359 2485 2384 ‘
2511 2348 2631 2411 Sed

433 2447 577 2527 quid
608 2446 722 2506 hoc
750 2446 881 2519 est,’
908 2448 1122 2525 inquit,
1151 2454 1167 2481 ‘
1188 2446 1348 2526 quod
1374 2446 1579 2507 timida
1609 2448 1804 2506 subito
1829 2446 2128 2525 egreditur
2148 2445 2394 2526 Pythias
2410 2444 2455 2503 ’.θ’
2491 2445 2632 2514 ,Hoc

436 2540 637 2603 dedita
664 2562 844 2621 opera
863 2542 1111 2602 Poetam
1138 2544 1222 2603 ita
1250 2544 1481 2616 fecisse,
1510 2543 1600 2605 vel
1633 2543 1782 2603 illud
1813 2542 2034 2603 indicio
2061 2543 2257 2612 suerit,
2281 2541 2465 2622 quod,
2497 2562 2631 2602 cum

435 2638 615 2699 ceteri
644 2638 818 2717 hujus
846 2657 1045 2699 scenae
1072 2658 1277 2699 versus
1327 2639 1563 2700 iambici
1607 2640 1749 2711 sint,
1790 2658 1944 2697 unus
1977 2638 2073 2698 hic
2101 2638 2360 2699 trimeter
2383 2638 2636 2697 trochai-

438 2753 543 2793 cus
572 2752 706 2793 esse
735 2733 1023 2793 videatur.
1108 2733 1186 2792 Et
1230 2734 1450 2815 alioqui
1496 2736 1652 2795 solet
1678 2734 1972 2793 interdum
2002 2734 2189 2794 Poeta
2213 2744 2440 2797 mutare
2468 2734 2638 2794 metri

440 2848 651 2907 genus,
694 2848 831 2888 cum
857 2839 1099 2888 ventum
1126 2839 1220 2889 est
1248 2829 1325 2889 ad
1362 2836 1724 2907 παρασκευὴν
1755 2848 1956 2889 scenae
1985 2829 2287 2909 sequentis
2312 2850 2326 2890 :
2369 2828 2530 2889 velut
2574 2830 2635 2887 in

441 2924 598 2983 And.
629 2934 745 2987 act.
779 2944 826 2984 1.
856 2944 1039 2983 scena
1070 2928 1123 2983 3.
1174 2934 1237 2985 et
1276 2944 1477 2985 rursus
1506 2936 1624 2987 act.
1661 2946 1769 2987 111.
1799 2944 1980 2985 scena
2005 2930 2064 2985 4.
2149 2926 2368 2985 Iterum
2397 2934 2514 2984 act.
2549 2944 2635 2983 ιν.

444 3038 625 3079 scena
658 3022 713 3079 l.
762 3021 831 3079 In
861 3016 1101 3098 Hecyra
1123 3032 1241 3079 act.
1264 3039 1373 3079 111.
1404 3040 1587 3080 scena
1614 3024 1670 3082 3.
1735 3022 2035 3081 Praeterea
2059 3021 2120 3079 in
2150 3020 2388 3079 Phorm.
2418 3029 2533 3078 act.
2557 3038 2636 3078 11.

444 3132 627 3175 scena
653 3118 712 3176 2.
798 3115 899 3175 Sic
927 3115 1077 3175 alias
1106 3135 1287 3195 saepe.
1374 3116 1517 3177 Tale
1546 3116 1693 3177 illud
1721 3135 1957 3197 quoque
1998 3134 2070 3175 ex
2113 3114 2437 3194 Adelphis:
2483 3120 2500 3148 ‘
2523 3114 2640 3171 Ce-

446 3224 603 3272 teros
629 3230 878 3284 ruerem,
912 3230 1163 3291 agerem,
1204 3230 1490 3290 raperem,
1532 3212 1864 3283 tunderem,
1893 3220 1954 3271 et
1976 3211 2446 3290 prosternerem?
2524 3210 2640 3269 Cui

444 3318 539 3366 est
564 3306 805 3387 aliquod
838 3308 1063 3366 aurium
1096 3306 1411 3387 judicium,
1459 3311 1511 3367 is
1554 3307 1730 3369 facile
1776 3309 2008 3379 sentiet,
2056 3328 2163 3368 cur
2202 3308 2280 3367 sit
2306 3308 2494 3379 Poeta
2521 3315 2638 3367 tro-

446 3402 652 3463 chaico
700 3420 847 3463 usus
894 3402 1009 3463 boc
1034 3402 1209 3463 loco:
1254 3402 1523 3463 nimirum
1572 3413 1641 3464 ut
1686 3422 1928 3464 sensum
1963 3402 2222 3483 quodam
2249 3403 2430 3463 veluti
2462 3421 2640 3463 cursu

448 3497 665 3575 pedum
701 3499 947 3559 eitorum
987 3498 1264 3578 juvaret:
1308 3500 1469 3578 quod
1520 3509 1583 3560 et
1628 3500 1949 3581 principem
1997 3502 2300 3579 poetarum
2328 3498 2640 3577 Virgilium

450 3612 611 3670 saepe
636 3593 944 3653 factitasse
970 3604 1227 3654 constat.
1311 3595 1487 3667 Nam,
1532 3604 1603 3654 ut
1628 3594 1966 3655 tarditatem
2003 3595 2086 3657 rei
2115 3595 2642 3675 difficultatemque

450 3688 770 3765 exprimere
795 3707 931 3748 cum
959 3687 1104 3761 vult,
1130 3690 1348 3751 crebris
1378 3691 1714 3771 spondaeis3
1744 3691 1850 3764 ita,
1878 3712 2014 3753 cum
2043 3691 2398 3752 celeritatem
2430 3701 2489 3749 et
2515 3687 2641 3747 vel*

450 3794 519 3843 ut
545 3784 825 3859 impetum
854 3790 917 3841 et
939 3782 1397 3858 festinationem,
1426 3788 1679 3868 dactylis
1706 3788 2114 3868 frequentibus
2140 3788 2343 3848 utitur.
2422 3782 2640 3843 Prioris

438 3877 785 3957 'exemplum
830 3877 981 3952 illud
1024 3888 1119 3939 est
1140 3900 1215 3940 ex
1242 3883 1413 3942 tertio
1442 3884 1723 3945 AEneidos
1748 3904 1766 3945 ε
1810 3892 1827 3919 ‘
1851 3884 2070 3943 Annixi
2096 3890 2375 3961 torquent
2400 3898 2642 3960 spumas

456 3986 518 4037 et
542 3974 766 4035 coerula
790 3974 1069 4035 verrunt!
1149 3977 1497 4041 Posterioris
1526 3979 1674 4041 illud
1701 4000 1775 4039 ex
1804 3990 2048 4060 quarto:
2093 3986 2110 4015 ⁶
2136 3979 2303 4039 Idem
2330 3994 2534 4037 omnes
2565 3974 2644 4034 si-

455 4071 579 4131 mul
623 4070 798 4130 ardor
837 4070 1035 4145 habet,
1084 4074 1438 4154 rapiuntque
1484 4086 1798 4156 ruuntque.
1884 4076 2106 4137 Littora
2139 4070 2488 4143 deseruere‚'
2529 4074 2643 4133 &c-

460 4166 579 4227 Sed
608 4167 781 4226 nimis
810 4167 1019 4239 multa,
1061 4170 1137 4229 de
1178 4190 1242 4229 re
1287 4174 1609 4251 praesertim
1655 4175 1792 4234 levi.
1875 4169 2384 4232 observabit’haec
2412 4165 2644 4245 aliaque

460 4261 521 4321 id
550 4282 739 4342 genus
760 4282 867 4345 per
894 4284 957 4325 se
997 4266 1125 4345 ipse
1150 4266 1337 4329 lector
1362 4268 1687 4330 studiosus.
1770 4265 1926 4329 Illud
1953 4286 2071 4326 non
2097 4264 2514 4346 ignorandum,
2543 4282 2644 4327 co·
