3234 4934
988 436 1349 487 Nomium
1396 437 1842 489 comconuu
1895 438 2151 489 nmmo.
2495 429 2626 494 105

432 579 643 639 damus
670 578 1031 641 testimonia.
1114 580 1387 640 Donatus
1414 578 1477 639 in
1504 579 1834 660 Adelphos,
1879 581 2154 653 Nomina,
2179 580 2390 660 inquit,
2421 602 2624 662 perso·

430 694 636 735 narum
664 674 723 734 in
752 674 1077 735 Comoediis
1102 676 1319 737 habere
1346 675 1567 736 debent
1593 676 1882 737 rationem
1909 685 1970 737 et
1995 675 2435 756 etymologiam.
2519 680 2627 739 Et-

430 772 589 831 enim
616 770 937 833 absurdum
964 781 1057 831 est
1078 773 1383 833 Comicum
1412 782 1615 851 aperte
1643 783 1992 852 argumenta
2011 774 2374 854 confingere,
2397 773 2492 833 vel
2519 793 2628 835 no-

430 884 564 928 men
593 886 863 948 personae
891 870 1279 948 incongruum
1310 868 1473 942 dare,
1523 868 1617 928 vel
1663 868 1918 929 officium
1967 869 2129 949 quod
2173 870 2251 929 sit
2302 889 2341 929 a
2390 871 2629 931 nomine

432 964 747 1025 diversum.
830 964 988 1025 Hinc
1014 984 1217 1026 servus
1245 964 1459 1037 fidelis,
1489 964 1818 1025 Parmeno:
1861 965 2135 1039 infidelis,
2173 966 2270 1027 vel
2299 968 2504 1047 Syrus,
2532 968 2626 1027 vel

434 1059 629 1121 Geta:
670 1059 840 1121 miles
865 1058 1115 1135 Thraso,
1152 1061 1245 1123 vel
1286 1060 1616 1121 Polemon:
1651 1060 1888 1140 juvenis
1932 1062 2318 1141 Pamphilus:
2357 1072 2630 1123 matrona

432 1156 776 1236 Myrrhina:
818 1164 881 1217 et
904 1175 1071 1237 puer,
1094 1168 1156 1219 et
1184 1158 1259 1217 ab
1288 1157 1469 1219 odore
1498 1159 1752 1219 Storax:
1794 1168 1858 1218 et
1883 1178 1920 1217 a
1943 1157 2107 1231 ludo,
2151 1168 2212 1218 et
2239 1179 2276 1220 a
2305 1158 2628 1238 gesticula-

428 1254 589 1313 tione
618 1252 867 1314 Circus:
896 1262 959 1314 et
982 1254 1121 1314 item
1149 1254 1381 1327 similia,
1408 1255 1471 1314 in
1500 1256 1715 1334 quibus
1745 1274 2034 1314 summum
2060 1257 2255 1333 poetae
2279 1257 2481 1316 vitium
2511 1266 2626 1329 est,

432 1350 483 1410 si
518 1349 661 1428 quid
704 1367 739 1409 e
765 1349 1061 1411 contrario
1088 1370 1428 1430 repugnans
1456 1351 1814 1411 contrarium
1843 1350 2256 1431 diversumque
2281 1351 2630 1433 protulerit:

430 1445 544 1505 nisi
571 1464 677 1524 per
694 1444 1079 1525 Antiphrasin
1101 1464 1312 1505 nomen
1340 1446 1684 1526 imposuerit
1699 1447 2068 1527 joculariter:
2099 1458 2168 1507 ut
2195 1447 2631 1527 Misargyrides

430 1540 495 1599 in
534 1540 751 1602 Plauto
779 1540 989 1601 dicitur
1015 1540 1319 1621 trapezita.
1404 1542 1486 1601 Et
1511 1542 1632 1602 fere
1657 1541 1773 1603 hoc
1799 1541 1978 1603 modo
2005 1543 2166 1623 apud
2192 1543 2340 1605 alios
2370 1562 2408 1604 a
2433 1544 2626 1623 poetis

434 1636 673 1697 nomina
698 1648 1131 1717 componuntur
1158 1637 1549 1699 describenda
1581 1658 1687 1719 per
1714 1637 2119 1717 Antiphrasin,
2166 1639 2328 1719 quod
2355 1638 2636 1720 designat

437 1731 673 1793 Storax.

514 1828 681 1891 Idem
705 1830 765 1890 in
795 1831 1099 1903 Andriam,
1128 1833 1393 1913 Semper,
1419 1832 1635 1913 inquit,
1662 1832 1906 1893 nomina
1923 1830 2300 1893 Comicomm
2330 1850 2634 1893 servorum

438 1935 545 1987 aut
570 1944 607 1985 a
636 1926 971 1988 nationibus
1001 1938 1143 1993 sunt
1167 1927 1393 1990 indita:
1436 1939 1502 1989 ut
1548 1929 1764 2009 Mysis,
1814 1929 2033 2009 Syrus:
2077 1937 2182 1988 aut
2207 1947 2282 1987 ex
2311 1927 2637 1989 accidenti·-

436 2023 570 2094 bus‚
590 2033 659 2083 ut
684 2022 916 2097 Lesbia,
943 2024 1107 2085 velut
1131 2025 1381 2097 ebriosa,
1410 2044 1448 2083 a
1474 2026 1666 2085 Lesbo
1692 2023 1909 2097 insula,
1930 2042 2068 2103 quae
2095 2034 2190 2082 est
2211 2023 2374 2083 ferax
2403 2024 2632 2084 suavis·

436 2116 566 2177 simi
596 2117 1119 2199 candidissimique
1144 2120 1307 2180 vini:
1350 2130 1455 2180 aut
1482 2140 1519 2181 a
1545 2118 1896 2192 vernilitate,
1923 2128 1992 2177 ut
2019 2116 2392 2179 pseudulus:
2431 2130 2533 2179 aut
2559 2140 2637 2181 ex

438 2215 695 2293 negotiu,
744 2225 811 2275 ut
852 2215 1179 2297 Chrysalus
1196 2210 1222 2276 'z
1265 2225 1368 2277 aut
1417 2237 1492 2277 ex
1540 2216 1826 2298 qualitate
1867 2215 2152 2295 corporis,
2199 2224 2267 2273 ut
2294 2214 2590 2294 Chylacus
2616 2236 2640 2275 τ

436 2320 541 2371 aut
566 2331 642 2371 ex
668 2311 869 2392 specie
897 2313 1121 2387 formae,
1148 2322 1217 2373 ut
1245 2310 1571 2375 Pinacium.

516 2406 729 2469 Strabo
756 2407 903 2469 libro
932 2410 1224 2489 septimo:
1269 2408 1407 2472 Fuit
1434 2419 1495 2470 et
1521 2408 1642 2471 alia
1667 2409 1918 2489 reg-ionis
1967 2406 2198 2481 divisio,
2245 2426 2320 2468 ex
2363 2407 2626 2488 antiquis

435 2522 787 2581 permanens
814 2505 1197 2585 temporibus.
1276 2504 1445 2566 Alios
1472 2506 1630 2568 enim
1658 2507 1881 2578 Dacos,
1909 2504 2059 2565 alios
2086 2503 2272 2565 Getas
2303 2502 2630 2583 appellant.

439 2598 625 2661 Getas
652 2600 915 2680 quidem,
960 2604 1063 2683 qui
1106 2601 1183 2662 ad
1232 2603 1491 2664 Pontum
1531 2604 1593 2663 in
1624 2602 1928 2663 Orientem
1954 2609 2250 2681 vergunt:
2296 2600 2498 2660 Dacos
2527 2619 2634 2661 an-

438 2704 577 2768 tem,
616 2697 801 2776 quiin
829 2700 1167 2778 oppositum
1193 2719 1397 2761 versus
1426 2698 1826 2771 Germaniam,
1855 2708 1920 2758 et
1945 2697 2026 2758 ad
2055 2698 2191 2757 Istri
2219 2696 2436 2769 fontes,
2479 2716 2632 2775 quos

436 2790 576 2853 olim
605 2794 807 2854 Davos
834 2804 1077 2856 vocatos
1116 2814 1251 2855 esse
1294 2814 1445 2855 reor.
1528 2796 1622 2855 Ex
1647 2815 1768 2873 quo
1795 2792 1960 2874 apud
1987 2792 2382 2854 Athenienses
2429 2792 2638 2853 Davo-

436 2908 565 2949 rum
591 2899 655 2948 et
681 2888 967 2950 Getarum
992 2890 1231 2949 nomina
1256 2888 1491 2950 servilia
1516 2888 1835 2967 plurimum
1863 2887 2268 2949 abundabant.
2327 2888 2461 2947 Hoc
2491 2904 2638 2947 sane

439 2981 775 3044 credibilius
800 2994 913 3057 est,
956 3003 1137 3064 quam
1164 3004 1204 3043 a
1230 2984 1583 3065 Scytharum
1612 2993 1790 3062 gente
1817 2981 2089 3053 derivari,
2133 3002 2290 3061 quos
2340 2983 2505 3042 Daas
2531 3001 2638 3043 vo-

442 3089 603 3140 cant.
684 3080 889 3160 Longe
918 3081 1073 3141 enim
1100 3080 1188 3141 illi
1216 3080 1295 3140 ad
1324 3079 1688 3162 Hyrcaniam
1727 3078 1908 3158 positi
1953 3085 2111 3149 sunt,
2157 3094 2272 3137 nec
2299 3096 2373 3135 ex
2399 3096 2472 3136 eo
2499 3075 2636 3138 loco

439 3176 706 3237 Athenas
750 3177 1047 3257 mancipia
1092 3177 1403 3257 deportata
1446 3172 1780 3258 putandum
1829 3180 1940 3233 est.
2025 3172 2240 3232 Servos
2284 3170 2440 3231 enim
2469 3182 2574 3231 aut
2601 3192 2637 3233 e

438 3272 794 3353 populorum
819 3274 1155 3335 nominibus
1179 3275 1495 3347 vocabant,
1539 3292 1577 3333 a
1615 3271 1830 3352 quibus
1859 3268 2267 3339 vectabantur,
2311 3275 2379 3327 ut
2407 3264 2639 3348 Lydum

441 3376 505 3429 et
529 3369 739 3451 Syrum
766 3390 782 3430 :
827 3379 931 3431 aut
971 3370 1042 3431 iis
1070 3372 1320 3432 maxime
1350 3391 1487 3451 quae
1515 3368 1634 3430 illis
1665 3369 1725 3428 in
1755 3366 1904 3429 locis
1931 3365 2124 3444 magis
2153 3383 2224 3424 ac
2251 3363 2440 3443 mag-is
2467 3382 2641 3424 usur-

440 3474 583 3544 pata
611 3476 799 3541 erant,
826 3478 897 3529 ut
922 3467 1168 3529 Manem
1194 3479 1258 3530 et
1281 3468 1534 3543 Midam,
1563 3486 1639 3528 ex
1659 3463 1951 3544 Phrygia:
1979 3460 2352 3541 Tibiumque‚
2374 3479 2411 3519 e
2437 3457 2640 3539 Paph-

440 3559 701 3639 lagonis.

527 3656 765 3716 Servius
792 3655 854 3715 in
881 3658 1129 3736 primam
1157 3660 1442 3741 Eclogam
1470 3657 1637 3738 Virg.
1695 3654 1888 3715 Etiam
1914 3652 2030 3713 hoc
2059 3650 2386 3722 sciendum,
2415 3658 2477 3710 et
2503 3670 2642 3730 per-

445 3768 625 3810 sonas
650 3750 827 3829 hujus
855 3754 1048 3829 operis
1077 3775 1150 3815 ex
1176 3756 1381 3836 maj0ri
1406 3762 1575 3835 parte
1602 3752 1846 3813 nomina
1865 3749 1941 3811 de
1963 3750 2140 3809 rebus
2159 3746 2394 3807 rusticis
2417 3745 2636 3805 habere

442 3847 735 3909 conficta:
776 3855 845 3905 ut
871 3846 1209 3923 Meliboeus,
1232 3852 1317 3912 ὅτι
1342 3855 1507 3928 μέλει
1534 3851 1684 3930 αὑτᾷ
1711 3858 1821 3909 rcus·
1846 3844 2022 3921 βοῦν,
2069 3842 2228 3923 quod
2257 3858 2460 3903 curam
2489 3840 2642 3919 gerit

441 3944 641 4005 boum.
726 3942 805 4003 Et
850 3942 1126 4024 Tityrus!
1164 3964 1301 4005 nam
1345 3946 1648 4007 Laconum
1694 3943 1905 4022 lingua
1945 3940 2180 4019 Tityrus
2227 3935 2442 3997 dieitur
2485 3936 2641 3997 aries

444 4041 649 4119 major,
695 4039 797 4120 qui
845 4057 1087 4120 gregem
1130 4041 1353 4103 anteire
1379 4037 1795 4103 consueverit:
1837 4037 1992 4098 sicut
2017 4034 2192 4095 etiam
2222 4033 2284 4092 in
2314 4030 2640 4092 Comoediis

442 4135 790 4198 invenimus.
874 4134 1031 4199 Nam
1060 4136 1400 4217 Pamphilus
1426 4147 1522 4199 est
1562 4144 1726 4199 totus
1769 4150 2017 4196 amans:
2062 4128 2419 4210 Glycerium,
2467 4126 2637 4207 quasi

447 4228 641 4293 dulcis
667 4231 911 4293 mulier:
953 4232 1327 4309 Philumena,
1351 4232 1638 4295 amabilis.
