3234 4934
1100 462 1197 513 nn
1241 457 1545 514 coniers
1593 464 1983 515 versinus.
2508 456 2638 523 183

687 602 950 663 Similem
975 612 1098 663 rem
1123 602 1337 683 ipsein
1365 602 1559 683 legem
1576 603 1762 683 jussit
1786 624 1920 665 esse
1945 603 2217 687 Jupiter:

442 700 568 761 Aut
589 699 914 779 corripitur,
961 718 1135 759 esse:
1178 706 1282 758 aut
1308 706 1402 758 est
1428 702 1544 759 κατ’
1569 701 2032 781 ἐπισυναλοιφὴν,
2080 700 2352 776 similem,
2398 702 2633 767 δισσύλ-

439 796 649 873 λοβον.

681 892 765 952 Ut
786 890 1217 971 conquisitores
1245 890 1451 951 tierent
1479 890 1905 953 histrionibus:

441 990 862 1061 Histrionibus,
886 993 1028 1049 κατὰ
1049 988 1368 1059 cortinam.
1450 986 1583 1047 Nisi
1611 988 1883 1048 maluerit
1907 987 2140 1067 aliquis,
2166 1002 2632 1070 conquestores.

677 1086 816 1157 Qui,
846 1103 922 1143 ne
948 1102 1066 1164 quo
1093 1082 1354 1161 placeret
1382 1080 1550 1156 alter,
1575 1081 1826 1144 fecisset
1853 1084 2045 1144 minus
2073 1104 2089 1145 z

437 1180 557 1251 Qui
603 1200 680 1243 ne
725 1199 845 1260 quo
893 1176 1238 1258 spondaeus,
1286 1178 1763 1257 pronuntiatione
1812 1178 2068 1239 mediam
2113 1180 2399 1261 syllabam
2426 1185 2630 1245 absor-

432 1278 635 1338 bente.

677 1370 798 1440 Qui
827 1389 963 1431 curn
990 1370 1413 1450 Amphitryone
1441 1368 1624 1431 abivit
1652 1368 1791 1429 hinc
1817 1370 1878 1427 in
1907 1370 2265 1432 exercitum:

437 1468 516 1527 Et
541 1485 718 1528 mox:

678 1560 854 1621 Nunc
888 1559 1065 1622 hodie
1097 1560 1442 1643 Amphitryo
1470 1559 1667 1621 veniet
1693 1559 1809 1621 huc
1837 1561 1911 1619 ab
1939 1560 2220 1622 exercitu.

433 1659 594 1721 Hinc
616 1657 676 1718 in
705 1677 834 1731 exe,
878 1668 940 1718 et
965 1657 1084 1718 buc
1111 1656 1187 1717 ab
1212 1677 1341 1731 exe,
1369 1656 1643 1737 spondoei
1670 1668 1811 1717 sunt
1837 1656 1964 1736 pari
1991 1659 2219 1720 ratione
2246 1660 2619 1735 concisionis,

427 1754 491 1814 in
518 1754 804 1815 brevitate
830 1752 1061 1833 syllaba
1086 1755 1256 1834 quasi
1282 1764 1706 1814 evanescente:

591 1850 659 1909 In
687 1848 1070 1909 tabernaculo
1091 1844 1122 1908 τ’
1151 1847 1212 1907 id
1240 1847 1480 1927 quidem
1508 1848 1685 1909 bodie
1714 1868 2020 1928 nunquam
2047 1850 2267 1934 poterit
2292 1850 2507 1913 dicere.

428 1943 940 2025 simplicissimum
965 1952 1080 2015 est,
1106 1952 1174 2001 ut
1201 1942 1454 2021 legatur,
1483 1942 1839 2005 tabernaclo.

664 2038 826 2108 Quid
849 2039 911 2098 in
939 2038 1278 2098 tabernaclo
1303 2038 1493 2097 fecisti
1513 2037 1542 2095 ‘s
1580 2039 1771 2099 victus
1798 2057 1947 2109 sum,
1976 2038 2027 2098 si
2058 2038 2292 2099 dixeris.

432 2134 592 2205 Quid
614 2135 674 2195 in
699 2145 784 2208 ta,
811 2134 1130 2195 trochoeus.
1209 2133 1341 2206 Vel,
1369 2142 1438 2193 ut
1464 2134 1817 2209 notavimus,
1848 2133 2009 2203 Quid
2039 2134 2123 2206 in,
2152 2139 2293 2196 κατὰ
2316 2133 2613 2215 διαίρεσιν,

425 2239 790 2312 anapoestus‚
816 2239 880 2289 et
901 2230 1164 2302 taberna,
1192 2228 1536 2309 spondoeus.

666 2324 922 2387 Ridiculi
949 2344 1152 2397 causa,
1179 2324 1276 2385 vel
1301 2324 1462 2384 hunc
1487 2334 1697 2406 rog-ato
1724 2326 1992 2386 Sosiam:

432 2420 586 2480 Nam
612 2420 769 2481 hanc
794 2438 994 2481 veram
1020 2419 1334 2482 lectionem
1375 2429 1561 2501 puto:
1605 2420 1720 2494 vel,
1763 2421 1947 2495 hunc,
1991 2420 2435 2501 μονοωλλόβυε
2480 2442 2615 2502 pro-

423 2516 834 2577 nuntiandum.

667 2612 848 2685 Quin,
877 2611 928 2671 si
955 2621 1021 2673 tn
1049 2610 1236 2685 voles,
1265 2610 1428 2672 dorni
1456 2613 1609 2673 servi
1630 2612 1733 2691 qui
1760 2622 1902 2673 sunt
1925 2613 2199 2673 castrabo
2224 2611 2422 2673 viros:

424 2707 586 2781 Diui,
611 2704 1055 2787 μονοσνλλᾶβυσ
1079 2710 1198 2767 κατ’
1222 2708 1687 2788 ἐπισυναλοιφὴν.

664 2802 1020 2863 Portitorum
1048 2800 1358 2862 simillimae
1387 2814 1527 2863 sunt
1551 2800 1757 2881 januoe
1783 2804 2071 2863 lenonie:

423 2900 566 2971 Aut,
619 2897 931 2971 Portitum,
976 2902 1117 2958 κατὰ
1159 2902 1467 2972 maron-hv,
1509 2908 1615 2957 aut
1656 2897 1968 2959 simillimae
2010 2904 2127 2961 etur·
2170 2902 2611 2981 ἐπισυναλοιφοὶν

418 2992 946 3073 pronuntiandum.

661 3089 778 3162 Da,
824 3104 992 3148 meus
1020 3086 1278 3155 ocellus:
1322 3086 1421 3158 da,
1449 3104 1584 3147 mea
1609 3104 1783 3155 rosaz
1829 3086 1928 3160 da,
1969 3089 2051 3148 mi
2078 3090 2304 3159 animes
2350 3090 2451 3164 da,
2474 3106 2609 3149 mea

735 3185 1008 3264 voluptas
1037 3205 1054 3248 z

416 3284 540 3343 Aut
560 3283 668 3356 sic,
695 3283 813 3355 Da,
842 3299 974 3341 mus
999 3279 1149 3341 ocel.
1232 3280 1356 3339 Aut
1383 3280 1490 3351 sic,
1520 3278 1637 3352 Da,
1661 3296 1761 3338 ma
1798 3296 1955 3353 rosa,
1982 3287 2045 3340 et
2084 3297 2219 3341 mea
2245 3278 2539 3359 voluptas,
2566 3298 2603 3338 o

413 3380 576 3441 brevi
603 3379 905 3459 absorpto,
931 3374 1366 3451 ὅισσνλλᾶβωεε
1411 3373 1525 3448 vel,
1550 3392 1650 3434 ma
1676 3373 1971 3455 voluptas.

656 3476 906 3537 Lenonis
934 3476 1030 3535 hae
1058 3483 1200 3533 sunt
1226 3471 1411 3545 sedes,
1437 3470 1591 3530 male
1612 3470 1744 3530 istis
1771 3471 2043 3531 eveniat:

417 3570 944 3644 Pronuntiandum,
973 3580 1206 3643 evenat,
1233 3566 1354 3628 κατ’
1375 3565 1634 3642 ἔκθλιψιν
1658 3564 1843 3625 literae
1870 3565 1910 3625 i.

657 3665 910 3725 Credam
936 3664 1130 3745 pudor
1156 3666 1209 3725 si
1235 3665 1490 3745 cuipiam
1515 3661 1718 3724 lenoni
1740 3661 1889 3722 siet:

415 3758 923 3824 Pronuntiandum
971 3760 1224 3839 cuipiam
1255 3757 1651 3835 δισσνλλῖιβυε
1678 3760 1819 3817 κατὰ
1846 3761 2171 3833 wulpem?
2192 3762 2255 3816 et
2282 3757 2601 3827 συνίέησιν.

651 3856 927 3917 Voltisne
945 3852 1131 3915 olivas
1154 3864 1259 3913 aut
1282 3854 1748 3933 pulpamentum,
1776 3861 1881 3913 aut
1904 3849 2246 3931 capparim?

413 3954 619 4015 Olivas
646 3950 1062 4026 §tannim-us,
1089 3960 1156 4010 ut
1181 3949 1534 4021 notavimus,
1562 3957 1625 4008 et
1648 3958 1717 4009 ut
1743 3949 1804 4008 in
1831 3953 2004 4008 versu
2035 3945 2242 4009 Lucilii
2278 3951 2299 3983 ‘
2314 3944 2601 4006 maluisti’

409 4047 819 4133 τρισυλλᾶβωσ,
849 4047 910 4106 ἰιι
955 4044 1236 4127 prooemio
1264 4044 1430 4125 primi
1453 4044 1584 4105 libri
1625 4043 1701 4105 de
1750 4042 2027 4105 Finibus:
2070 4042 2163 4104 vel
2206 4041 2425 4122 potius,
2453 4039 2601 4100 Vol-

409 4146 551 4221 tine,
589 4146 801 4207 extrita
847 4143 1018 4204 litera
1064 4163 1114 4203 s.
1195 4142 1345 4212 Quis
1393 4150 1590 4204 autem
1617 4142 1734 4202 scit
1784 4151 1918 4202 utra
1958 4139 2156 4219 potius
2195 4136 2597 4217 pronuntiatio

412 4242 595 4303 actori
623 4240 922 4304 arriserit?
