3234 4934
587 380 676 446 30
930 429 948 438 -
1487 396 1897 446 vntum'rro.

587 559 741 626 quae
771 558 1120 606 assensum
1147 541 1257 605 vel
1286 539 1663 605 dissensum
1694 539 1985 604 Bentleii
2008 543 2319 622 respectu
2350 539 2435 604 ad
2466 541 2782 609 hunc-co-

589 644 804 708 dicem
825 642 1050 706 habito
1079 641 1394 718 iudicant,
1427 641 1701 724 patebit.
1762 641 2211 724 Inter-punctio
2242 643 2601 706 verborum
2634 663 2788 726 pas-

591 746 722 812 sim
749 744 1097 826 singularis
1127 750 1257 820 est,
1296 762 1508 826 neque
1555 743 1734 821 talis,
1780 749 1855 808 ut
1895 744 2175 826 vulgari,
2220 763 2423 826 quam
2454 743 2785 810 editiones

589 863 734 931 praa·
765 865 840 910 se
869 845 1106 922 ferunt,
1139 845 1512 910 antecellat.
1604 844 1811 908 Haud
1842 864 2057 930 pauca
2087 846 2291 910 etiam
2321 843 2585 910 laudari
2628 865 2787 928 pos-

591 953 749 1012 sunt
791 949 965 1024 loca,
1010 948 1123 1011 ubi
1172 947 1388 1012 codex
1433 946 1643 1010 verba
1682 947 1923 1012 melius
1964 945 2293 1023 distinxit,
2346 965 2429 1012 ac
2470 947 2543 1010 in
2589 947 2789 1014 editis

593 1049 846 1114 factum
871 1056 996 1114 est.

681 1151 1092 1233 Priusquam
1134 1154 1360 1214 autem
1409 1146 1497 1212 ad
1548 1146 1875 1212 edendum
1919 1149 2097 1213 hunc
2128 1149 2514 1217 thesaurum
2540 1169 2648 1214 me
2674 1167 2790 1214 ac-

597 1254 949 1336 cingerem,
994 1253 1076 1316 de
1120 1252 1394 1316 invento
1435 1249 1698 1327 codice,
1740 1268 2025 1333 meoque
2054 1251 2358 1328 consilio,
2402 1252 2569 1315 bene
2592 1249 2677 1315 de
2704 1269 2789 1315 eo

594 1355 918 1432 merendi,
963 1353 1312 1418 certiorem
1342 1350 1477 1414 feci
1505 1350 1723 1415 virum
1750 1351 1945 1432 longe
1972 1352 2499 1416 eruditissimum
2528 1359 2600 1416 et
2624 1352 2793 1417 cele-

597 1458 972 1533 berrimum,
1019 1456 1484 1536 Boettigerum,
1528 1471 1729 1537 quem
1786 1452 1947 1517 olim
2000 1472 2242 1518 novam
2299 1454 2601 1518 Terentii
2653 1451 2794 1517 edi-

599 1560 846 1624 tionem
903 1556 1289 1624 meditatum
1347 1573 1502 1619 esse
1557 1573 1916 1634 noveram3
1960 1554 2255 1639 mihique
2311 1562 2390 1619 ut
2440 1555 2797 1619 consilium

601 1678 798 1724 suum
825 1678 951 1743 pro
981 1678 1086 1734 ea,
1129 1677 1261 1742 qua
1293 1677 1400 1721 me
1439 1656 1586 1740 jam
1613 1656 1867 1721 dudum
1897 1657 2250 1740 amplexus
2281 1663 2445 1732 erat,
2491 1655 2797 1720 amicitia

598 1761 875 1842 benigne
903 1762 1289 1842 impertiret,
1317 1759 1579 1842 rogavi.
1667 1757 2005 1823 Laudavit
2034 1758 2135 1822 vir
2164 1777 2457 1822 summus
2484 1757 2798 1841 proposi-

601 1867 742 1925 tum
771 1879 1014 1935 meum,
1043 1868 1110 1926 et
1133 1859 1496 1943 instigavit,
1524 1865 1622 1938 ut,
1650 1879 1805 1943 quae
1824 1859 2019 1924 bonis
2046 1860 2257 1924 literis
2285 1859 2609 1944 prodesse
2636 1877 2798 1942 pos·

598 1969 767 2041 sent,
810 1961 1072 2026 interire
1117 1981 1246 2026 non
1277 1965 1580 2027 sinerem.
1670 1961 1881 2041 Quin,
1930 1962 2017 2027 ad
2064 1960 2513 2028 adornandam
2558 1961 2798 2026 editio-

599 2081 772 2141 nem,
815 2064 990 2128 ultro
1039 2062 1290 2128 obtulit
1342 2062 1622 2129 Dictata
1669 2063 1799 2127 viri
1845 2063 2257 2130 celeberrimi
2304 2060 2683 2128 Ruhnkenii
2730 2061 2799 2125 in

601 2163 986 2232 Terentium
1031 2163 1498 2248 manuscripta,
1546 2183 1703 2247 quae
1744 2164 1849 2228 vir
1894 2163 2334 2230 doctissimus
2384 2162 2799 2227 Christianus

599 2263 996 2330 Ludovicus
1038 2265 1243 2340 Lenz,
1298 2262 1588 2328 director
1636 2263 1993 2346 Gymnasii
2045 2262 2464 2329 Vinariensis
2514 2262 2801 2326 meritis-

603 2368 837 2444 simus,
882 2385 970 2430 ex
1013 2365 1429 2429 bibliotheca
1475 2363 1701 2429 fratris
1746 2366 1876 2443 sui,
1926 2363 2161 2431 Caroli
2193 2363 2577 2442 Gottholdi,
2629 2362 2799 2428 Pro-

604 2467 881 2532 sessoris
911 2465 1209 2530 Gothani
1253 2466 1500 2530 mortui
1551 2486 1614 2531 a.
1660 2465 1855 2531 1809.
1896 2467 2052 2550 jure
2094 2467 2517 2532 haereditario
2564 2464 2797 2549 acqui-

605 2568 740 2636 sita
792 2567 952 2632 olim
1009 2565 1376 2650 Boettigero
1429 2573 1665 2631 mutua
1714 2566 2017 2647 dederat,
2058 2574 2127 2633 et
2174 2589 2352 2635 nunc
2404 2569 2678 2647 Halam,
2722 2571 2803 2632 ut

592 2678 758 2733 'mea
781 2687 943 2732 cura
969 2666 1344 2745 ederentur,
1391 2667 1745 2732 transmitti
1774 2679 2221 2738 concesserat.

693 2769 880 2834 Inter
908 2775 1215 2834 auctores
1243 2767 1546 2844 Latinos,
1591 2785 1765 2852 quos
1792 2768 1864 2833 in
1894 2769 2147 2837 scholis
2180 2772 2323 2838 suis
2356 2771 2803 2838 Ruhnkenius

603 2873 940 2950 tractavit,
1011 2871 1226 2955 primo
1277 2870 1430 2936 loco
1483 2873 1570 2936 ab
1624 2872 2123 2954 elegantissimo
2175 2874 2362 2940 Vitae
2422 2873 2805 2939 Ruhnkenii

607 2975 926 3058 scriptore
981 2971 1502 3056 Wyttenbachio
1547 2977 1641 3053 (v.
1688 2972 1873 3039 Vitae
1916 2975 1999 3040 T.
2052 2976 2544 3042 Hemsterhusii
2584 2983 2656 3041 et
2718 2976 2802 3040 D.

611 3073 994 3140 Ruhnkenii
1048 3074 1239 3157 Lips.
1288 3073 1484 3140 1801.
1529 3094 1602 3157 p.
1651 3075 1831 3153 127.)
1876 3076 2230 3144 adducitur
2272 3076 2673 3156 Terentius3
2734 3082 2806 3140 et

609 3180 630 3209 ‘
660 3174 1096 3240 Terentianus
1147 3175 1416 3240 scholas
1467 3194 1540 3240 se
1569 3195 1810 3257 magno
1836 3197 1991 3242 cum
2022 3178 2343 3244 doctrinae
2371 3177 2589 3240 fructu
2616 3175 2806 3240 audi-

601 3276 796 3340 visse
815 3274 835 3301 ⁹
877 3279 1187 3354 testatur,
1233 3280 1254 3310 ‘
1282 3283 1360 3341 ut
1401 3281 1544 3341 tum
1584 3277 1850 3342 demum
1876 3279 1949 3343 in
1977 3278 2103 3344 hoc
2130 3297 2361 3362 genere
2390 3277 2647 3342 discere
2674 3277 2805 3342 sibi

606 3374 962 3454 videretur,
1003 3387 1328 3457 quantum
1359 3395 1500 3442 aera
1526 3376 1856 3444 distarent
1882 3379 2185 3462 lupinis,’
2212 3382 2335 3446 Suc.
2426 3377 2653 3458 Quam
2684 3396 2804 3448 au·

607 3481 750 3544 tem
789 3476 1116 3542 rationem
1157 3477 1230 3540 in
1281 3476 1409 3554 his,
1453 3497 1607 3561 quae
1650 3499 1825 3544 nunc
1871 3481 2221 3564 prodeunt,
2266 3481 2805 3548 annotationibus

614 3576 1052 3643 Ruhnkenius
1093 3577 1338 3656 inierit,
1383 3577 1564 3644 idem
1593 3579 2156 3663 wyttenbachius
2198 3581 2523 3651 indicavit
2554 3602 2625 3666 p.
2659 3582 2805 3649 126.

611 3682 632 3711 ‘
649 3676 766 3746 Ad
792 3680 978 3764 locos
1009 3679 1119 3742 vel
1146 3677 1456 3744 difficiles
1486 3680 1592 3745 vel
1614 3682 2085 3748 memorabiles
2106 3681 2123 3708 ’
2168 3691 2509 3750 auctorum
2538 3683 2807 3750 [catino-

611 3798 760 3844 rum
784 3799 827 3843 a
854 3777 1257 3844 Ruhnkenio
1279 3779 1350 3843 in
1373 3781 1925 3863 praelectionibus
1954 3783 2431 3850 illustratorum
2459 3790 2482 3820 ‘
2500 3783 2807 3849 dictabat

613 3881 1087 3947 annotationes
1118 3882 1358 3946 breves
1387 3881 1657 3964 quidem
1684 3882 1866 3961 illaS,
1908 3883 2028 3952 sed
2056 3884 2257 3948 bonae
2290 3885 2491 3967 frugis
2520 3883 2805 3967 plenas.⁸

611 3979 837 4066 Atque
865 3981 980 4048 hoe.
1020 3981 1488 4047 annotationes
1532 3985 1554 4016 ‘
1578 3983 1833 4049 dictata
1848 3983 1873 4044 ‚’
1917 3993 2249 4051 vocantur
2276 3985 2543 4067 abipso
2576 3984 2806 4050 Ruhn-

603 4081 818 4148 -kenio
863 4084 949 4149 ad
995 4084 1242 4150 Heaut.
1277 4099 1393 4148 111.
1421 4083 1490 4148 3.
1513 4083 1626 4148 23.
1671 4083 1850 4151 Hec.
1898 4103 1947 4149 1.
1974 4087 2041 4154 2.
2068 4087 2175 4152 73.
2267 4085 2558 4152 Multum
2602 4087 2808 4168 igitur

609 4183 922 4264 ‚differunt
949 4204 994 4251 a
1019 4187 1215 4265 notis,
1257 4204 1427 4270 quas
1457 4185 1803 4252 auditores
1828 4207 1917 4252 ex
1946 4207 2061 4254 ore
2104 4186 2501 4274 professoris
2544 4188 2803 4258 calamo
