3234 4934
1089 390 1194 437 An
1242 388 1504 438 un‘rnA
1551 388 1943 440 Tenen-ru.
2484 375 2615 443 191

583 528 769 592 Andr.
800 536 899 589 act
928 546 991 589 v,
1017 547 1104 589 sc.
1126 532 1184 589 6.
1213 533 1274 589 4.
1319 535 1336 565 ‘
1357 528 1536 599 Quod
1563 529 1899 611 voluptates
1919 549 2125 591 eorum
2146 529 2401 611 propriae
2429 539 2611 592 sunt:

733 645 870 685 nam
896 625 978 684 mi
998 625 1442 687 immortalitas!

500 722 609 783 Est
635 721 972 783 octonarius
1000 721 1287 782 iambicus
1315 718 1719 788 acatalectusz
1770 720 1951 782 debet
1976 721 2157 800 igitur
2185 740 2319 781 esse
2335 721 2609 783 Creticus

415 816 584 877 initio
609 816 1017 901 dimensionis.
1081 816 1165 875 At
1190 826 1397 876 contra
1425 815 1592 876 aiunt
1619 816 1944 877 secundam
1974 816 2263 897 syllabam
2291 818 2374 891 in,
2400 820 2611 899 volup·

415 925 592 987 tates,
640 933 773 974 esse
815 914 1072 985 brevem,
1117 910 1277 991 quod
1323 910 1464 971 mihi
1492 910 1730 990 quidem
1756 911 1990 972 videtur
2032 912 2392 974 incredibile.
2479 913 2613 975 Me·

414 1010 529 1070 lius
570 1009 734 1070 dicas
762 1012 1006 1088 primum
1036 1007 1346 1089 syllabam,
1377 1027 1514 1087 quas
1540 1007 1736 1068 brevis
1766 1018 1879 1081 est,
1906 1008 1992 1068 ita
2017 1007 2227 1087 raptim
2266 1010 2613 1090 pronuntia-

414 1114 536 1165 tam
563 1105 770 1180 fuisse,
799 1115 865 1165 ut
893 1124 1012 1165 non
1041 1103 1376 1172 audiretur3
1425 1113 1487 1163 et
1533 1121 1664 1183 pr0,
1692 1104 1851 1175 volu,
1892 1102 2203 1176 diceretur,
2249 1103 2377 1176 ulu,
2426 1124 2529 1184 per
2556 1106 2611 1161 V

413 1219 762 1261 consonum.
845 1201 1064 1260 Verum
1090 1200 1224 1259 hoec
1255 1198 1402 1259 satis
1432 1199 1506 1259 de
1547 1200 1805 1259 Cretico.
1889 1199 2091 1272 Dices,
2120 1200 2280 1267 Quid
2326 1200 2435 1273 ais,
2475 1211 2613 1260 tan·

413 1297 549 1357 dem
571 1296 600 1356 ’ἒ
639 1299 734 1356 An
763 1295 1116 1356 admittendi
1148 1307 1288 1356 sunt
1324 1294 1541 1355 Cretici
1587 1294 1649 1353 in
1676 1296 1924 1369 iambos,
1968 1296 2027 1355 in
2055 1294 2428 1357 trochaicos?
2471 1296 2611 1355 Non

411 1391 693 1451 arbitror:
762 1410 898 1453 cum
948 1392 1011 1450 in
1068 1390 1304 1451 Cretico
1347 1390 1481 1469 plus
1536 1391 1817 1469 temporis
1866 1392 2138 1450 absumat
2189 1392 2613 1469 pronuntiatio,

412 1505 591 1563 quam
619 1488 677 1545 in
709 1485 1017 1566 spondeo,
1046 1486 1140 1545 cui
1168 1496 1363 1546 tamen
1394 1486 1453 1544 in
1482 1486 1749 1546 iambicis
1786 1486 2028 1545 comicis
2072 1495 2135 1546 et
2159 1485 2400 1564 tragicis
2440 1485 2612 1548 locus

409 1590 520 1641 est.
605 1581 688 1641 At
717 1591 854 1641 sunt
877 1590 1076 1642 tamen
1107 1582 1324 1643 Cretici
1350 1581 1466 1642 illis
1490 1582 1759 1642 versibus
1789 1583 2062 1661 superius
2088 1581 2301 1663 positis
2324 1580 2353 1639 ’ἱ
2395 1582 2611 1645 Fateor

412 1674 474 1734 id
501 1673 780 1753 quidem:
848 1677 954 1737 sed
994 1678 1034 1737 ii
1078 1696 1198 1738 non
1239 1677 1659 1756 pronuntiandi
1687 1688 1753 1738 ut
1782 1678 2021 1740 Cretici.
2103 1676 2263 1746 Quid
2289 1677 2417 1737 ita?
2459 1678 2611 1740 Haec

413 1772 620 1851 regula
659 1783 824 1834 certa
869 1792 1004 1834 esse
1045 1771 1296 1846 videtur,
1341 1792 1478 1833 cum
1520 1793 1557 1834 a
1593 1782 1807 1835 natura
1856 1770 2303 1852 proficiscatur:
2364 1772 2611 1853 Syllaba

405 1868 602 1930 brevis
629 1868 782 1928 inter
825 1868 978 1930 duas
1017 1869 1229 1947 long-as
1271 1868 1468 1947 posita
1504 1868 1602 1927 vix
1639 1868 1907 1947 pervenit
1950 1866 2029 1927 ad
2076 1886 2336 1927 sensum.
2404 1867 2475 1928 ld
2504 1888 2611 1931 au-

411 1972 531 2025 tem
571 1966 631 2024 ni
681 1975 862 2037 esset,
904 1964 1006 2043 qui
1054 1963 1298 2024 tandem
1325 1961 1614 2043 Virgilius
1654 1964 1947 2043 potuisset
1971 1962 2187 2035 dicere,
2223 1963 2438 2041 aspris,
2477 1984 2609 2045 pro,

411 2059 678 2139 asperis?
717 2059 954 2132 circlos,
982 2076 1111 2137 pro,
1138 2057 1436 2119 circulos?
1475 2062 1596 2120 διο.

490 2154 588 2217 De
632 2154 930 2235 tribrachy
977 2152 1125 2215 nihil
1169 2172 1416 2214 necesse
1461 2163 1558 2213 est
1605 2150 1839 2222 dicerez
1904 2171 2039 2214 cum
2078 2171 2185 2233 pes
2232 2151 2332 2214 ille
2375 2163 2608 2235 tempus

410 2250 588 2312 iambi
611 2250 877 2329 impleat,
905 2258 967 2335 et
993 2248 1250 2309 eundem
1276 2257 1500 2311 motum
1527 2246 1767 2311 babeat.

489 2332 1086 2416 Proceleusmaticus,
1138 2342 1202 2403 id
1251 2352 1364 2415 est,
1406 2342 1528 2403 duo
1556 2341 1906 2424 Pyrrhichii,
1946 2362 2053 2405 seu
2093 2354 2347 2426 quatuor
2379 2346 2608 2421 breves,

407 2460 546 2503 cum
583 2442 838 2521 spatium
873 2438 1145 2519 spondaei
1174 2448 1508 2511 consumat,
1535 2440 1634 2499 cui
1660 2438 1966 2519 spondaeo'
1987 2441 2088 2520 jus
2132 2452 2225 2501 est
2272 2442 2519 2503 sedendi
2546 2442 2609 2501 in

405 2535 673 2597 iambicis
722 2544 785 2596 et
831 2535 1169 2609 trochaicis,
1217 2536 1424 2597 mirum
1473 2554 1608 2595 esse
1658 2554 1776 2596 non
1806 2534 2002 2609 debet,
2046 2538 2097 2597 si
2125 2537 2285 2617 apud
2332 2538 2607 2599 Comicos

408 2634 684 2711 frequens
713 2633 1068 2711 reperiaturz
1126 2650 1264 2693 nam
1291 2641 1356 2693 et
1395 2632 1456 2692 in
1497 2632 1734 2712 tragicis
1776 2633 2199 2694 recentioribus
2230 2633 2400 2693 illum
2428 2633 2610 2695 inter·

413 2725 555 2787 dum
581 2726 864 2806 reperias.

572 2822 643 2882 In
672 2822 862 2882 Andr.
904 2828 922 2856 ⁴
947 2822 1040 2881 Ita
1068 2821 1308 2882 faci-am
1336 2822 1451 2882 boc
1479 2821 1772 2901 primum,'
1800 2826 1913 2882 dcc.

571 2919 708 2978 Act.
729 2936 777 2978 1.
798 2936 884 2977 sc.
913 2920 966 2976 1.
987 2919 1124 2976 123.
1145 2923 1165 2952 ‘
1188 2915 1335 2975 Sati’
1348 2916 1697 2975 vehe-mens
1712 2934 1896 2975 causa
1913 2915 1992 2976 ad
2010 2914 2607 2996 objurgandum,’&c.

493 3011 624 3073 Nisi
646 3012 812 3072 dicas
840 3030 976 3072 esse
1001 3020 1395 3089 anapaestum,
1422 3029 1559 3070 cnm
1587 3009 1751 3089 apud
1780 3011 2090 3072 Horatium
2118 3012 2327 3089 legas:

570 3111 589 3141 ‘
610 3106 891 3178 Vemens,
918 3114 980 3165 et
1005 3103 1290 3185 liquiduS,
1329 3123 1596 3183 puroque
1624 3102 1953 3165 simillimus
1981 3106 2183 3167 amni!

568 3202 706 3262 Act.
735 3220 845 3261 111.
878 3221 965 3264 sc.
1002 3203 1053 3260 1.
1091 3202 1186 3260 19.
1249 3205 1266 3235 ‘
1289 3200 1448 3261 Num
1489 3200 1797 3261 immemor
1822 3220 1889 3262 es
1918 3199 2271 3282 di·scipuli?
2312 3220 2426 3281 ego
2466 3201 2609 3281 quid

732 3315 934 3356 narres
976 3296 1180 3359 nescio
1206 3313 1223 3355 t
1247 3294 1266 3322 ⁹

413 3394 488 3454 ad
537 3411 712 3472 quem
739 3411 975 3453 versum
1016 3400 1229 3451 notant
1273 3390 1516 3471 quidam
1564 3410 1696 3469 pro,
1740 3389 2038 3470 discipuli,
2085 3391 2609 3470 pronuntiandum,

413 3488 662 3566 discipli,
690 3487 1082 3568 trisyllabicez
1127 3488 1188 3547 id
1215 3487 1381 3567 quod
1407 3496 1606 3549 tamen
1636 3487 1831 3547 minus
1876 3507 2121 3549 necesse
2162 3499 2255 3548 est
2282 3487 2357 3548 ad
2388 3488 2612 3548 dimen-

415 3574 637 3643 sionem
662 3600 862 3643 versus
893 3581 1469 3663 deprehendendam.
1551 3581 1772 3643 Verum
1819 3582 1993 3662 plura
2038 3581 2257 3645 addere
2284 3582 2428 3643 nihil
2454 3601 2608 3663 opus

415 3686 530 3737 est.

495 3770 694 3843 Nunc,
723 3771 887 3852 quod
923 3770 1138 3845 dicam,
1166 3771 1227 3830 id
1257 3790 1390 3831 esse
1419 3791 1620 3833 verum
1659 3771 1969 3846 videbitur,
1994 3782 2057 3833 et
2082 3792 2203 3832 non
2231 3782 2326 3832 est
2363 3782 2602 3839 tamem

412 3865 734 3929 molossum
763 3866 1008 3940 scilicet,
1036 3868 1085 3926 is
1108 3886 1181 3927 ex
1202 3868 1390 3928 tribus
1415 3867 1612 3949 longis
1639 3877 1898 3941 constat,
1925 3887 2031 3947 pro
2059 3868 2274 3940 iambo,
2300 3866 2606 3945 spondaeo,

415 3974 518 4024 aut
557 3973 865 4043 anapaesto
889 3963 1063 4038 sumi,
1085 3966 1307 4044 pagina
1333 3963 1565 4025 decima
1587 3974 1838 4025 octava:
1898 3970 1915 3999 ⁸
1941 3964 2078 4025 Sive
2106 3963 2222 4025 ista
2248 3981 2448 4036 u-xor,
2476 3962 2603 4023 sive

413 4059 604 4119 amica
632 4068 744 4133 est,
773 4058 1020 4139 gravida
1045 4079 1081 4119 e
1107 4058 1422 4139 Pamphilo
1441 4062 1574 4121 est!

491 4153 614 4220 Sed
645 4153 726 4219 ibi
752 4172 1002 4219 errorem
1031 4174 1166 4219 esse
1193 4164 1360 4237 puto,
1389 4154 1466 4218 de
1490 4175 1610 4237 quo
1637 4157 1699 4219 in
1738 4155 2017 4224 Notulis;
2060 4172 2253 4233 neque
2280 4154 2435 4217 enim
2462 4145 2608 4217 mihi
