3234 4934
966 440 1061 488 ns
1110 438 1412 487 comicis
1463 438 2088 488 nmasstomaus
2497 426 2624 489 149

434 584 589 642 laboe
616 591 929 663 postremoe
966 586 1171 644 breves
1220 594 1377 644 sunt.
1460 586 1583 643 Aut
1625 604 1762 662 quae
1805 594 1899 645 est
1925 584 2027 643 illa
2054 583 2408 662 explicatio?
2455 586 2624 663 quasi

434 698 574 739 cum
602 679 805 739 dicas:
866 680 1106 740 Homini
1158 679 1449 739 interdum
1496 698 1601 760 pes
1653 680 1843 753 deest,
1892 680 2124 759 quoties
2177 681 2407 759 integro
2451 684 2626 740 semi-

434 772 691 849 homine,
736 774 905 835 alteri
954 774 1321 835 semihomini
1360 794 1469 854 pes
1516 774 1705 833 deest.
1791 776 1874 835 At
1898 794 2036 836 vero
2064 776 2196 854 quis
2225 776 2418 834 nescit
2444 787 2625 835 tetra-

434 880 673 943 metros,
720 890 839 931 non
882 892 914 932 e
953 870 1185 931 duobus
1242 871 1524 944 dimetris,
1580 872 1690 931 sed
1741 890 1814 931 ex
1869 882 2121 951 quatuor
2148 872 2621 932 dimensionibus

435 967 749 1028 constare?
778 969 829 1029 si
856 969 988 1047 quis
1012 970 1104 1028 vel
1132 968 1383 1049 partium
1406 968 1744 1028 consideret
1771 968 2081 1042 rationem,
2109 986 2356 1047 quarum
2375 968 2624 1047 singulis

436 1066 667 1143 aequale
700 1065 801 1145 jus
849 1066 925 1125 sit
961 1067 1021 1124 in
1060 1084 1271 1126 versu:
1334 1066 1429 1125 vel
1472 1067 1756 1144 orig-inem
1797 1066 1988 1144 ipsam
2019 1066 2331 1125 intueatur.
2417 1064 2626 1144 Neque

434 1161 590 1219 enim
636 1162 877 1221 Boistus
930 1162 1051 1235 ille,
1092 1163 1321 1223 aliusve
1360 1163 1682 1242 quispiam,
1733 1162 1982 1221 dimetro
2012 1162 2322 1221 dimetrum
2364 1160 2624 1240 aptavit:

432 1257 541 1317 sed
584 1258 927 1331 trimetrum,
976 1278 1149 1337 quem
1193 1270 1319 1319 tum
1372 1260 1804 1338 longissimum·
1832 1260 2152 1329 invenerat,
2197 1266 2624 1316 monometrum

430 1353 684 1414 addidit.
768 1353 1064 1414 Proeterea
1092 1356 1243 1433 quis,
1271 1356 1386 1414 hoc
1416 1354 1686 1427 audiens,
1729 1374 1848 1413 nou
1879 1364 2046 1434 putet
2072 1373 2206 1413 esse
2234 1353 2400 1412 nefas
2429 1373 2623 1413 caesu-

430 1470 557 1510 ram
583 1452 779 1511 facere
806 1450 866 1509 in
896 1450 1103 1531 quinto
1128 1450 1323 1532 pede?
1365 1453 1415 1511 si
1442 1453 1678 1531 quidem
1709 1472 1782 1511 ex
1817 1452 2048 1512 duobus
2067 1450 2329 1511 dimetris
2352 1459 2624 1511 tetrame-

428 1558 583 1606 trum
614 1556 706 1607 est
736 1546 1287 1607 consarcinandum.
1371 1547 1527 1615 Quid
1574 1547 1736 1626 quod
1783 1547 1940 1607 idem
1989 1549 2211 1606 abusus
2258 1556 2352 1605 est
2395 1545 2626 1605 dimetri

430 1642 792 1722 trimetrique
820 1642 1265 1723 appellatione?
1294 1664 1429 1703 nam
1446 1643 1846 1723 imprudenter
1871 1662 2100 1702 versum
2123 1642 2288 1701 illum
2310 1662 2383 1702 ex
2400 1640 2627 1701 Andria

428 1738 739 1799 iambicum
768 1748 1195 1817 pentametrum
1226 1738 1373 1800 dixit
1406 1758 1574 1799 esse:
1616 1747 1637 1775 ‘
1660 1740 1923 1800 Hoccine
1945 1738 2226 1799 credibile
2257 1748 2348 1798 est
2368 1748 2472 1797 aut
2499 1757 2624 1797 me-

430 1835 711 1895 morabile
732 1833 777 1892 2·
832 1836 933 1915 qui
981 1846 1141 1895 esset
1182 1835 1440 1896 trimeter
1494 1837 2122 1916 brachycatalecticus.
2211 1836 2420 1913 Neque
2469 1834 2626 1894 enim

430 1931 586 1991 idem
632 1950 766 1992 esse
806 1934 1028 2010 μέτρον,
1077 1942 1139 1991 et
1186 1930 1420 2011 pedem,
1469 1950 1649 2010 supra
1697 1930 1986 1991 diximus:
2031 1931 2137 1989 sed
2182 1936 2385 2009 μέτρον
2411 1948 2623 2009 capere

428 2027 713 2087 motorios
742 2028 926 2106 pedes
956 2027 1145 2087 duos:
1198 2046 1401 2106 quare,
1430 2028 1479 2086 si
1509 2036 1938 2106 pentametrum
1989 2026 2302 2087 iambicum
2331 2025 2534 2103 exigas
2563 2036 2626 2085 et

434 2142 471 2181 a
498 2123 717 2184 Groeeo
743 2127 944 2204 poeta,
972 2135 1032 2185 et
1061 2143 1097 2183 a
1124 2125 1354 2195 Latino,
1384 2135 1551 2185 tanto
1572 2125 1759 2183 altero
1780 2123 2062 2206 *majorem
2089 2120 2401 2181 ostendat:
2443 2140 2619 2199 quem

427 2238 683 2280 errorem
712 2221 887 2281 etiam
913 2222 972 2281 in
1024 2220 1123 2281 illo
1160 2222 1589 2283 continuavit:'
1635 2230 1650 2255 ‘
1678 2220 1831 2280 Novi
1881 2238 2000 2279 rem
2055 2236 2322 2278 omnem:
2378 2217 2486 2277 sed
2531 2226 2624 2277 est

428 2315 593 2374 Simo
620 2314 825 2375 intus?
886 2318 1021 2378 est!
1122 2318 1281 2397 Ergo
1330 2315 1474 2377 nihil
1514 2317 1720 2376 mirum
1767 2318 1863 2388 sit,
1919 2316 2021 2395 qui
2070 2314 2333 2375 motoriis
2377 2312 2621 2392 pedibus

428 2412 655 2471 auferat
706 2428 816 2472 sua
848 2412 1007 2493 jura,
1056 2412 1131 2472 ad
1182 2414 1457 2473 statarios
1506 2412 1794 2472 immerito
1842 2409 2176 2472 transferre.
2264 2410 2439 2469 Illum
2467 2410 2622 2469 enim

428 2526 661 2568 versum
691 2527 765 2569 ex
793 2508 1057 2569 Andria:
1121 2510 1241 2569 ‘Ut
1284 2510 1454 2569 malis
1501 2510 1826 2589 gaudeant,
1875 2518 2054 2588 atque
2081 2528 2155 2569 ex
2182 2506 2568 2567 incommodis
2588 2507 2625 2567 ι’

432 2623 613 2665 ausus
641 2616 735 2667 est
760 2607 1035 2667 creticum
1078 2605 1387 2666 dimetrum
1416 2606 1719 2665 nominare
1747 2624 1762 2665 ε
1805 2607 1906 2684 qui
1933 2615 2129 2664 tamen
2157 2624 2287 2685 pes,
2339 2622 2471 2663 cum
2503 2624 2622 2663 non

432 2701 623 2761 solum
654 2700 1008 2782 syllabarum
1038 2721 1305 2773 numero,
1350 2702 1457 2763 sed
1486 2704 1662 2762 etiam
1691 2700 2376 2783 temporum.quantitate
2403 2700 2623 2779 prolix-

428 2798 536 2870 ior,
577 2817 755 2877 quam
811 2797 1131 2878 spondaeus
1182 2799 1295 2859 sit:
1350 2818 1530 2877 quare
1584 2801 1747 2859 solus
1799 2818 1974 2858 unam
2029 2798 2458 2857 dimensionem
2502 2816 2621 2856 non

428 2892 687 2972 expleat,
716 2896 765 2955 si
795 2894 1115 2974 spondaeus
1158 2894 1407 2974 implet?
1470 2896 1616 2955 Eum
1648 2909 1842 2955 tamen
1889 2905 2126 2955 secutus
2154 2892 2380 2965 Rivius,
2421 2911 2623 2971 parem

432 2992 640 3050 erroris
690 2990 928 3050 admisit
975 2992 1431 3069 proportionem.
1534 2991 1837 3069 Siquidem
1888 2990 2198 3049 trochaicis
2253 2998 2622 3067 anapaestum

430 3087 697 3148 interseri
729 3105 1151 3165 nonnunquam
1183 3087 1427 3165 scripsit
1452 3104 1636 3145 causa
1652 3086 2002 3145 celeritatist
2046 3084 2206 3164 quod
2235 3084 2457 3143 dictum
2485 3102 2620 3143 cum

428 3184 535 3243 illo
588 3184 887 3263 superiore
934 3183 1183 3243 maxime
1226 3183 1549 3243 convenit:
1614 3182 1768 3242 idem
1821 3200 2075 3259 namque
2116 3179 2414 3239 sentiunt:
2485 3198 2620 3238 cum

428 3280 526 3340 ille
574 3281 853 3340 creticum
904 3278 978 3339 ad
1029 3278 1307 3349 iambum,
1356 3278 1454 3337 hic
1504 3292 1874 3358 anapaestum
1918 3278 2134 3361 referat
2171 3276 2247 3335 ad
2277 3276 2618 3337 trochaeum.

431 3378 511 3435 At
550 3376 651 3455 qui
694 3396 797 3455 pes
839 3377 919 3437 ita
966 3385 1125 3435 esset
1169 3386 1421 3455 quatuor
1446 3373 1730 3455 praeditus
1760 3373 2141 3452 temporibus,
2191 3383 2260 3432 ut
2299 3371 2420 3432 duo
2449 3373 2622 3431 simul

430 3491 609 3535 unam
637 3474 920 3552 syllabam
952 3474 1253 3533 efficerent
1278 3471 1515 3553 plenam
1540 3472 1822 3555 ponderis
1848 3481 1908 3531 et
1934 3471 2261 3550 gravitatis,
2292 3490 2407 3530 non
2432 3470 2622 3551 potuit

432 3569 581 3629 inter
636 3588 903 3629 cursores
953 3569 1089 3629 illos
1136 3566 1543 3627 annumerari:
1612 3567 1937 3646 praesertim
1986 3586 2118 3626 cum
2157 3567 2350 3625 iambo
2378 3566 2622 3627 similior

436 3672 599 3723 esset
624 3674 961 3742 anapaestus
1004 3682 1179 3742 quam
1208 3663 1512 3723 trochoeot
1555 3674 1802 3742 uterque
1853 3662 2004 3721 enim
2035 3682 2070 3721 a
2095 3662 2368 3721 brevibus
2397 3663 2621 3740 incipit,

432 3763 491 3821 in
516 3758 757 3839 longam
786 3759 1042 3819 desinit.‘
1083 3762 1321 3828 Quanto
1342 3752 1758 3839 eninPg-ravior
1783 3768 1874 3818 est
1894 3760 2122 3818 iambus
2148 3758 2431 3826 trochaeo,
2451 3768 2620 3817 tanto

432 3868 527 3918 est
583 3865 922 3936 anapaestus
980 3853 1238 3933 dacty10.
1322 3854 1518 3922 Quare
1570 3876 1686 3915 non
1744 3856 1860 3915 levi
1903 3856 1976 3915 de
2013 3874 2196 3914 causa
2240 3854 2459 3941 (actum
2507 3869 2619 3924 est,

433 3966 501 4013 ut
541 3952 871 4034 gravissimi
938 3952 1225 4029 poEmatis
1282 3952 1634 4031 gravissima
1701 3972 1836 4031 pars
1891 3951 2105 4012 chorus
2164 3950 2244 4010 ad
2293 3950 2622 4030 gravissimi

430 4044 603 4129 pedis
671 4049 1039 4128 majestatem
1110 4066 1240 4105 sese
1306 4048 1618 4118 conferret,
1683 4048 1910 4107 scilicet
1961 4057 2348 4126 anapaestum.
2459 4044 2620 4113 Quid

433 4146 594 4227 quod
621 4145 721 4205 ille
766 4144 987 4205 nullam
1039 4144 1237 4223 posuit
1274 4145 1581 4218 rationem,
1611 4154 1854 4224 propter
1891 4161 2066 4222 quam
2122 4141 2415 4200 trochaeus
2460 4152 2620 4201 esset

434 4243 631 4303 iambo
656 4240 1005 4302 volubilior?
1048 4238 1129 4299 At
1174 4258 1313 4300 vero
1368 4250 1430 4299 et
1476 4258 1694 4301 nomen
1738 4239 2014 4299 Graecum
2064 4237 2362 4298 excitabat
2385 4256 2518 4311 nos,
2559 4250 2620 4299 et

436 4338 677 4399 suberat
708 4336 878 4401 ratio.
962 4334 1139 4413 Nam,
1195 4336 1294 4419 qui
1346 4344 1408 4399 et
1458 4334 1834 4419 Syllabarum
1878 4352 2140 4409 numero,
2189 4342 2252 4395 et
2289 4342 2619 4416 temporum
