3234 4934
571 336 697 425 140
1146 352 1415 401 sumus
1466 332 1724 401 c'AEsAR
1773 350 2146 401 scamonii

569 494 850 574 scriptum
878 501 971 553 est
1014 493 1165 553 inter
1192 493 1628 555 adolescentem
1657 503 1718 554 et
1736 492 1951 566 lenam,
1981 493 2225 555 senariis
2255 492 2561 573 expletur:
2603 512 2749 572 quo-

567 592 723 649 niam
765 590 841 649 sit
866 590 1121 649 narratio
1176 589 1487 670 quoedam:
1530 610 1868 670 quanquam
1922 610 1996 650 ne
2052 590 2149 650 hic
2203 589 2441 670 quidem
2497 608 2748 668 semper.

571 685 725 745 Nam
753 685 963 769 long-is⁴
987 686 1251 746 versibus
1292 695 1490 746 narrat
1530 687 1591 745 in
1623 686 1898 747 Rudente
1929 686 2211 766 Grippus‚
2241 686 2748 759 eventis-fortuna:

570 800 701 841 sese
730 783 881 841 bene
926 794 1250 861 acceptum.
1306 783 1388 843 At
1413 782 1475 840 in
1518 780 1726 842 eadem
1768 801 1945 843 senex
1994 782 2279 842 somnium
2321 781 2614 842 trimetris.
2659 782 2748 839 Ex

564 878 829 957 utrisque
858 897 1014 951 vero,
1057 890 1231 957 atque
1253 878 1427 939 etiam
1452 877 1579 937 aliis
1610 876 1798 937 mistis
1827 877 2000 938 Sosia
2026 876 2501 957 Amphitryonis:
2562 896 2752 955 qnan-

569 992 766 1051 quam,
799 974 895 1034 ubi
925 972 1001 1034 ad
1036 994 1245 1035 manus
1273 984 1511 1033 ventum
1539 982 1653 1045 est,
1681 974 2005 1033 iamborum
2031 974 2149 1033 vim
2177 984 2356 1053 atque
2385 972 2749 1033 alacritatem

570 1068 878 1130 minutiore
906 1090 1050 1152 gyro
1078 1070 1263 1131 flectit
1290 1089 1361 1129 ac
1391 1070 1596 1129 vibrat.
1661 1069 1812 1128 Cum
1840 1068 2016 1147 igitur
2043 1080 2162 1128 tam
2205 1070 2639 1128 inconstantem
2671 1068 2754 1127 le·

571 1183 705 1241 gem
726 1164 1051 1239 videamuS,
1072 1176 1140 1227 ut
1164 1165 1281 1225 illis
1298 1165 1486 1245 poetis
1515 1183 1706 1243 neque
1733 1181 1890 1223 cura:
1919 1164 2114 1237 fuerit,
2135 1164 2222 1223 uti
2249 1164 2532 1237 facerent,
2558 1182 2750 1244 neque

570 1256 737 1319 salvo
788 1262 917 1340 puri
974 1262 1258 1323 sermonis
1304 1260 1493 1320 nitore
1539 1260 1770 1318 efficere
1811 1269 2075 1337 potuere,
2119 1259 2205 1318 uti
2254 1260 2508 1319 numeris
2551 1266 2754 1318 essent

570 1356 1027 1426 astrictioribus:
1073 1377 1183 1417 nos
1230 1356 1315 1417 sic
1344 1357 1605 1427 inventa,
1643 1366 1747 1414 aut
1772 1355 2272 1434 quemadmodum
2301 1355 2579 1426 existunt,
2619 1372 2752 1433 per-

568 1451 888 1524 mittamus,
916 1464 1019 1513 ant
1046 1453 1097 1513 si
1123 1451 1267 1532 quid
1298 1451 1515 1513 sinistri
1544 1469 1675 1509 sese
1697 1447 1927 1523 offerat,
1943 1470 2019 1511 ne
2037 1450 2242 1510 odiose
2261 1460 2750 1529 extorqueamus:

568 1550 889 1627 praesertim
920 1570 1053 1609 cum
1092 1548 1345 1610 licentiae
1370 1549 1574 1609 vitium
1602 1566 1738 1606 cum
1769 1546 2019 1618 Graecis,
2053 1545 2214 1605 unde
2241 1548 2610 1616 sumsissent,
2639 1545 2750 1605 sibi

568 1662 903 1717 commune,
945 1646 1201 1718 licentia,
1234 1646 1321 1705 uti
1348 1644 1520 1715 solet,
1549 1662 1784 1703 auxere.
1869 1641 2026 1703 Illud
2053 1661 2212 1715 vere,
2240 1640 2402 1721 quod
2433 1639 2612 1720 aliqui
2640 1640 2756 1700 du-

566 1740 833 1813 bitando,
860 1742 1100 1822 quidam
1128 1742 1304 1802 etiam
1332 1738 1729 1801 asseverando
1748 1740 2064 1819 negabant,
2087 1737 2347 1798 Fabulas
2366 1736 2750 1797 Terentianus

567 1836 839 1895 trimetris
888 1837 1384 1917 circumscriptas,
1436 1834 1650 1896 falsum
1697 1854 1832 1895 esse
1874 1833 2386 1915 deprehendimus.
2491 1832 2646 1894 Nam
2690 1843 2755 1894 et

569 1928 724 2009 apud
754 1952 887 1992 eum
917 1934 1150 2014 poetam
1202 1934 1337 2016 plus
1382 1952 1515 1994 esse
1557 1932 1734 2012 hujus
1762 1931 2037 1993 carminis
2073 1931 2373 1992 invenies:
2425 1940 2486 1991 et
2526 1939 2753 2003 contra,

568 2026 729 2106 apud
758 2026 1035 2089 Plautum
1064 2029 1410 2109 quadratos,
1438 2028 1670 2109 aliaque
1697 2028 2027 2108 longiorum
2053 2046 2288 2107 genera.
2332 2026 2557 2086 Andria
2581 2044 2754 2106 poene

569 2142 642 2181 ex
670 2144 844 2203 oequo
872 2124 1060 2185 divisa
1087 2127 1147 2185 in
1176 2136 1486 2204 utrumque
1513 2144 1702 2205 genus
1732 2134 1844 2183 est.
1928 2123 2108 2183 Haud
2155 2124 2312 2184 enirn
2353 2122 2436 2183 ita
2465 2123 2650 2182 multo
2677 2123 2752 2183 ab

566 2218 762 2299 longis
792 2222 1151 2283 senariorum
1179 2241 1458 2283 numerus
1488 2231 1819 2301 superatur.
1901 2220 1970 2278 ln
2017 2218 2326 2290 Eunucho,
2355 2228 2416 2278 et
2445 2219 2752 2277 Heauton·

568 2317 977 2391 timorumeno,
1006 2319 1166 2380 item.
1247 2320 1330 2379 At
1375 2319 1438 2377 in
1482 2316 1773 2395 Adelphis
1812 2336 1986 2396 poene
2030 2334 2102 2375 ex
2129 2313 2458 2393 quadrante
2481 2312 2646 2392 longi
2677 2314 2752 2373 ab

570 2412 816 2471 senariis
864 2412 1251 2473 exceduntur.
1362 2412 1779 2473 Phormionem
1827 2411 2023 2492 potior
2071 2409 2430 2470 senariorum
2476 2427 2752 2469 numerus

567 2506 823 2569 conficit.
909 2508 1146 2589 Hecyra
1165 2508 1351 2570 laxior
1376 2507 1599 2581 fabula,
1624 2526 1693 2568 ac
1721 2506 2047 2587 pedestrior
2073 2516 2166 2565 est
2191 2523 2208 2565 :
2247 2504 2466 2585 itaque,
2495 2506 2753 2566 omnium

566 2603 1067 2677 Terentianarum,
1096 2605 1172 2666 ad
1204 2624 1527 2665 sermonem
1558 2604 1966 2684 quotidianum
1995 2620 2172 2682 quam
2198 2600 2460 2683 proxime
2489 2600 2750 2662 accedit:

568 2708 663 2759 est
687 2708 885 2761 tamen
912 2700 971 2760 in
1000 2720 1073 2761 ea
1100 2701 1459 2763 senariorum
1486 2700 1622 2778 plus
1651 2699 1823 2760 tertia
1850 2708 2037 2779 parte.
2115 2698 2199 2757 At
2223 2706 2450 2768 contra,
2476 2695 2754 2756 Plautina

569 2796 937 2879 AmphitryO,
963 2811 1023 2859 et
1048 2797 1318 2872 Rudens,
1347 2798 1447 2860 vix
1472 2806 1635 2858 totus
1657 2795 1960 2877 quadrans
1988 2793 2254 2874 expletur
2280 2791 2548 2852 senariis.
2615 2792 2754 2851 Asi-

568 2892 754 2966 naria,
799 2893 1101 2972 Epidicus,
1148 2914 1323 2975 quam
1349 2904 1656 2975 tantopere
1681 2895 1810 2974 ipse
1838 2902 2043 2953 auctor
2087 2888 2314 2961 laudat,
2361 2887 2754 2962 Mostellaria,

571 2988 947 3065 Menaechmi,
992 2992 1191 3065 Miles,
1236 2992 1551 3064 Mercator,
1589 2988 1950 3062 Pseudulus,
1979 2984 2300 3057 Aulularia,
2327 2982 2568 3056 Casina,
2593 2984 2754 3044 Gur·

568 3085 751 3163 gulio,
780 3086 1132 3159 Bacchides,
1160 3099 1264 3148 aut
1290 3108 1362 3148 ex
1390 3089 1654 3165 utrisque
1682 3104 1853 3164 seque
1879 3088 2177 3153 constant,
2227 3088 2329 3137 aut
2355 3078 2532 3139 etiam
2559 3080 2752 3139 minus

568 3181 791 3240 habent
818 3181 1200 3243 senariorum.
1282 3183 1515 3261 Captivi
1542 3200 1702 3253 vero,
1747 3191 1809 3240 et
1849 3178 2056 3249 Persa,
2095 3185 2158 3235 et
2186 3172 2471 3233 Poenulus
2497 3173 2632 3251 plus
2662 3173 2752 3233 di-

568 3276 748 3336 midio
797 3286 975 3337 textae
1026 3286 1167 3336 sunt
1208 3277 1427 3356 longis.
1522 3275 1894 3335 Trinummus
1942 3271 2249 3349 legebatur
2293 3266 2580 3327 hactenus
2625 3277 2756 3327 tota

569 3371 895 3453 quadratis,
946 3381 1049 3433 aut
1088 3391 1207 3433 non
1256 3372 1444 3431 multo
1486 3368 1869 3438 brevioribus.
1952 3366 2110 3433 Eam,
2146 3380 2254 3421 nos
2281 3361 2365 3419 ita
2391 3361 2752 3423 restituimus

570 3470 835 3550 pristinae
862 3468 1204 3541 sinceritati,
1230 3479 1301 3528 ut
1319 3466 1395 3528 ad
1424 3464 1781 3547 quingentos
1805 3460 2066 3522 senarios
2094 3455 2544 3518 excusserimus.
2586 3457 2754 3526 Quo·
2809 3542 2816 3547 ·

570 3585 695 3626 rum
730 3576 922 3625 tamen
953 3584 1195 3624 nurnero
1236 3572 1527 3645 praestant
1573 3558 1737 3638 longi
1775 3576 1980 3617 versus
2009 3553 2212 3633 duplo.
2293 3550 2488 3620 Quam
2510 3571 2752 3633 operam

570 3662 747 3723 etiam
784 3680 919 3721 cum
962 3660 1322 3721 Truculento
1369 3656 1882 3738 impendissemus,
1920 3650 2098 3734 paulo
2139 3648 2334 3709 minus
2360 3647 2633 3708 ducentis
2661 3668 2753 3710 re·

570 3758 859 3832 formatis,
878 3767 1103 3817 tantam
1126 3754 1459 3833 longiorum
1487 3743 2288 3819 invenimusmultitudinem,
2307 3742 2406 3801 vix
2427 3753 2494 3802 ut
2519 3742 2752 3805 illorum

570 3856 631 3915 hi
659 3862 862 3915 essent
884 3871 1022 3935 pars
1050 3850 1276 3931 quinta.
1358 3849 1555 3927 Atque
1602 3848 1652 3908 is
1695 3844 1861 3906 labor
1887 3862 2006 3903 non
2033 3850 2250 3901 temere
2277 3847 2590 3917 susceptus
2617 3850 2750 3901 est:

571 3966 706 4011 cum
724 3962 845 4011 tam
872 3948 1043 4010 facile
1068 3944 1438 4008 mendacium
1468 3941 1817 4012 Quintiliani
1847 3936 2196 3999 auctoritate
2223 3942 2538 4012 tegeretur.
2597 3934 2750 3993 Nam

572 4048 670 4107 isti
695 4046 895 4125 magni
921 4045 1048 4119 viri,
1077 4042 1215 4104 dum
1245 4039 1389 4101 nihil
1416 4040 1790 4100 inexcussum
1821 4035 2046 4105 volunt,
2089 4043 2150 4090 et
2176 4027 2486 4089 fastidiunt
2509 4027 2749 4101 leviora,

571 4142 705 4222 plus
744 4143 1010 4223 profecto
1038 4139 1284 4201 nominis
1310 4146 1622 4219 usurpant,
1665 4152 1841 4215 quarn
1890 4137 2115 4212 ponant
2155 4144 2368 4207 operae.
2451 4124 2749 4195 Quemad-
