3234 4934
1021 440 1362 492 aunuum
1411 442 1580 494 aer.
1628 441 1723 488 iv.
1770 441 1873 490 sc.
1923 445 2023 490 ιν.
2480 429 2608 494 481

417 586 662 653 Colore
687 579 1084 654 mustellino.
1130 600 1139 606 ’
1174 586 1313 653 ΡΗ.
1359 585 1568 666 Hem,
1597 607 1749 672 qnae
1776 587 1927 656 haec
1954 591 2063 653 est
2089 587 2325 654 fabula
2342 591 2373 652 ‘t

415 689 520 754 Eo
544 687 788 771 redigis
817 708 948 766 me,
977 695 1076 768 ut,
1107 687 1270 771 quid
1295 691 1564 770 egerim,
1595 698 1859 773 egomet
1886 691 2207 756 nesciam.

414 887 630 936 mustela.
665 884 774 936 Pu.
795 885 918 935 Hem
929 883 954 935 Ι
971 901 1073 950 qua·
1091 887 1194 936 hoec
1204 849 1478 947 calabutor
1499 887 1573 936 Eo
1589 886 1867 952 meredigis,
1882 892 1935 938 ut
1945 893 2125 951 egomet
2136 886 2613 957 nescium,emerimne

1314 1037 1434 1059 ‘m

413 1151 570 1203 Both.
587 1152 865 1203 Peri—⁴22
891 1151 954 1202 In
979 1154 1040 1203 R.
1062 1158 1132 1202 est
1149 1152 1493 1204 desideratur.
1519 1153 1665 1203 Ia'nd.
1708 1152 1757 1204 A
1779 1154 1990 1204 Donato
2008 1153 2252 1205 discimus
2266 1155 2611 1205 Menandrum

414 1217 500 1267 hic
523 1217 715 1266 dixisse
729 1218 1014 1268 aetenum.-
1033 1219 1330 1268 Terentium
1349 1232 1472 1268 vero
1494 1219 1604 1268 sive
1626 1227 1886 1270 errantem
1910 1219 2018 1268 sive
2036 1219 2343 1282 prudentem
2363 1219 2613 1269 scientem

375 1311 380 1314 -
417 1281 606 1331 dixisse
628 1283 898 1332 mmtelame
931 1283 1066 1331 hanc
1089 1283 1279 1332 Graece
1300 1285 1460 1343 γαλῆν
1480 1283 1609 1344 dici,
1628 1284 1773 1333 illum
1803 1283 2069 1344 Ὺαλεώτην.
2134 1285 2281 1334 Bene
2305 1285 2372 1332 sit
2401 1284 2477 1332 illi
2502 1285 2615 1348 qui·-

415 1345 554 1406 dem,
590 1347 728 1411 quod
752 1347 1122 1396 Menandreum
1147 1347 1273 1397 illud
1298 1349 1444 1397 nobis
1463 1347 1720 1408 servavit3
1754 1349 1898 1412 cujus
1932 1349 2092 1397 ductu
2126 1355 2181 1397 et
2212 1347 2404 1397 indicio
2421 1349 2616 1396 Teren-

417 1411 582 1460 tianos
605 1411 814 1460 codices
851 1427 882 1461 a
919 1411 1222 1474 gravissimo
1261 1421 1434 1462 errato
1462 1411 1574 1475 jam
1611 1413 1963 1463 liberabimus.
2029 1414 2185 1476 Nego
2205 1413 2341 1462 enim
2366 1411 2617 1462 Nostrum

417 1475 610 1524 dixisse
646 1477 813 1526 Colore
845 1478 1124 1525 mustelino.-
1158 1491 1292 1540 nego
1328 1479 1486 1526 ullum
1521 1478 1675 1526 alium
1708 1477 1784 1527 sic
1818 1477 2008 1526 dixisse
2031 1483 2124 1526 aut
2144 1477 2320 1526 dicere
2346 1477 2617 1540 potuisae;

417 1552 518 1588 nou
538 1539 702 1602 tnagis
723 1553 876 1603 quam
907 1543 922 1568 ‘
943 1541 1126 1590 Colore
1148 1540 1376 1604 equiuo‚’
1407 1543 1424 1570 ⁴
1444 1541 1631 1591 Colore
1654 1541 1875 1591 canino?
1928 1542 2035 1590 Cur
2055 1541 2190 1591 hoc?
2221 1543 2361 1606 qitia,
2384 1547 2445 1591 ut
2465 1541 2617 1605 Equo

415 1605 657 1669 autfini
678 1619 778 1652 non
801 1619 930 1654 unus
945 1611 1000 1654 et
1023 1606 1262 1668 proprius
1283 1613 1366 1656 est
1385 1606 1546 1668 color,
1576 1607 1653 1655 ita
1675 1620 1843 1670 neque
1870 1607 2127 1656 Mustelae.
2195 1606 2442 1668 Mustela,
2468 1605 2617 1656 testi·

416 1667 512 1717 bus
537 1669 770 1718 Gesnero
791 1676 846 1717 et
867 1669 1129 1733 Agricola,
1162 1670 1465 1734 plerumque
1503 1677 1588 1722 est
1622 1669 1676 1718 in
1712 1671 1868 1720 dorso
1905 1678 1961 1720 et
1998 1669 2250 1720 lateribus
2286 1670 2463 1732 rutila,
2499 1683 2619 1720 raro

418 1732 694 1783 subfulvaz
731 1734 783 1782 in
819 1740 1034 1797 gutture
1073 1747 1282 1797 semper
1317 1735 1566 1795 candida3
1601 1736 1725 1798 quin
1761 1748 2125 1798 nonnunquam
2152 1741 2261 1784 tota
2282 1733 2505 1784 candida
2536 1748 2619 1784 re·

418 1798 640 1861 peritur,
672 1812 961 1863 quanquam
988 1800 1168 1847 rarius.
1234 1799 1374 1850 Quid
1399 1799 1597 1862 igitur?
1633 1801 1675 1848 si
1700 1800 1842 1848 color
1864 1800 1979 1862 quis
2019 1815 2133 1848 uam
2151 1798 2425 1850 mascelinus
2443 1798 2618 1850 dictus

418 1870 520 1924 est,
539 1877 570 1913 a
593 1877 692 1927 qua
715 1863 950 1926 corporis
969 1870 1122 1926 parte
1143 1861 1312 1911 dictus
1333 1869 1448 1924 est;
1482 1863 1653 1921 dorso,
1678 1877 1741 1911 an
1765 1871 1977 1926 gutture
2044 1863 2101 1913 Si
2134 1863 2199 1912 ab
2230 1865 2347 1926 hoc,
2365 1862 2619 1914 candidus

419 1932 521 1986 est,
551 1927 596 1976 si
615 1927 680 1976 ab
700 1927 810 1988 illo,
829 1929 1027 1976 rutilus.
1093 1927 1220 1978 Quia
1243 1927 1403 1989 igitur
1427 1927 1532 1976 tale
1555 1939 1743 1975 nomen
1764 1927 2029 1988 indiderit,
2065 1935 2169 1978 tam
2203 1929 2390 1978 incerti
2423 1935 2480 1977 et
2512 1941 2618 1978 um·

457 1991 565 2054 igni
585 1991 808 2040 sensus?
839 1992 881 2039 si
905 1990 1230 2042 AEdesionem
1257 1991 1423 2052 audis,
1443 1990 1724 2039 sublividus
1758 1991 1900 2040 color
1921 1997 2035 2051 est;
2070 1993 2113 2040 si
2148 1991 2519 2054 Eugraphium,
2541 1991 2619 2040 ni-

419 2068 547 2118 get-3
581 2055 624 2104 si
647 2069 728 2104 me
753 2055 916 2119 audis,
950 2055 1116 2105 nullus
1137 2069 1359 2120 unquam
1383 2070 1447 2105 eo
1471 2056 1677 2104 nomine
1696 2054 1930 2118 signatus
1952 2063 2051 2105 est.
2115 2053 2273 2105 Aliud
2296 2070 2421 2118 ergo
2450 2055 2623 2104 inves-

420 2121 660 2184 tigemus.
727 2120 1034 2182 Menander,
1057 2134 1170 2170 cum
1201 2121 1504 2170 Eunuchum
1538 2121 1672 2168 bunc
1692 2117 1959 2183 γαλεώτῃ,
1980 2118 2293 2181 stellionem,
2314 2119 2543 2182 vocavit,
2565 2119 2621 2168 id

421 2184 603 2248 voluit,
637 2182 773 2234 facie
799 2199 914 2234 eum
941 2185 1100 2234 fuisse
1122 2186 1401 2243 maculosa,
1419 2184 1765 2247 lentiginosa3
1800 2183 1915 2232 talis
1950 2184 2087 2233 euim
2109 2184 2333 2233 stellioni
2356 2183 2500 2234 color
2522 2190 2622 2234 est.

419 2249 582 2312 Ergo.
603 2257 658 2297 et
679 2263 786 2300 rem
809 2250 972 2314 ipsam
1006 2257 1060 2298 et
1085 2255 1349 2299 auctorem
1371 2255 1602 2307 secutus,
1624 2249 1901 2298 Terentius
1922 2248 1998 2298 sic
2021 2247 2268 2298 dederat:
2305 2248 2409 2297 Hic
2426 2253 2497 2297 est
2520 2247 2619 2296 vie-

419 2319 515 2375 tus,
539 2319 689 2377 vetus,
706 2320 990 2373 veternosus,
1009 2329 1170 2376 senex,
1199 2315 1368 2362 Colore
1385 2313 1667 2362 steuionino.
1732 2313 1841 2363 Pa.
1877 2313 2024 2375 Hem,
2054 2327 2161 2376 quae
2187 2313 2285 2363 haec
2316 2317 2386 2362 est
2408 2309 2625 2372 subulo?

421 2377 690 2439 Ceterum,
707 2391 822 2443 quae
845 2381 921 2428 vir
945 2379 1184 2428 eruditus
1205 2379 1383 2428 multis
1408 2378 1578 2426 verbis
1600 2376 1671 2427 ad
1692 2377 1827 2426 hunc
1858 2377 2027 2428 locum
2050 2377 2335 2440 contexuit,
2367 2378 2512 2440 piget
2533 2390 2623 2425 ex-

421 2452 617 2492 cutere.
659 2443 724 2492 In
745 2443 1034 2494 Menandro
1053 2444 1232 2493 scribit
1247 2442 1490 2504 ·γαλεῶδης
1507 2439 1672 2506 γέρων,
1692 2442 1788 2492 hoc
1808 2450 1906 2506 est,
1924 2440 2216 2504 γαλεοειδὴς,
2240 2457 2271 2490 a
2288 2443 2428 2504 pisce
2440 2443 2623 2502 γαλεᾷ,

420 2506 676 2556 mustela:
709 2514 767 2556 et
785 2508 884 2557 hoc
911 2517 1061 2571 pacto
1096 2523 1150 2556 se
1183 2515 1335 2571 putat
1355 2507 1663 2556 Terentium
1686 2507 1752 2556 ab
1785 2509 1920 2556 omni
1948 2521 2125 2556 errore
2150 2507 2390 2556 liberare.
2456 2505 2623 2554 Immo

422 2577 477 2620 et
498 2570 795 2620 Terentium
820 2579 874 2621 et
895 2571 1241 2621 Menandrum
1272 2573 1440 2636 ipsum
1462 2585 1641 2620 errore
1663 2573 1921 2632 cumulat3
1952 2572 1997 2620 si
2019 2571 2311 2621 eunuchum
2333 2571 2469 2620 hunc
2492 2567 2624 2633 pisci

420 2636 871 2698 comparaverint:
907 2650 1128 2700 quanam
1162 2636 1380 2686 obsecro
1417 2634 1788 2685 similitudine?
1829 2635 1983 2685 Pisce
2019 2636 2210 2685 mutior
2244 2650 2359 2684 esse
2401 2635 2624 2697 mallem,

422 2713 574 2766 quam
599 2699 727 2748 talia
746 2699 905 2763 loqui.
938 2701 1088 2750 Beut.
1155 2700 1370 2762 Mirum,
1405 2700 1701 2749 Bentleium
1725 2700 1917 2750 Donati
1946 2699 2201 2751 incertam
2224 2700 2625 2760 correctionem,

423 2778 577 2827 quam
599 2764 832 2813 Terentii
862 2766 1174 2828 scripturam
1195 2764 1248 2814 in
1272 2771 1574 2815 contextum
1600 2765 1835 2827 recipere
1868 2771 2205 2828 praeoptasse.
2248 2763 2402 2816 West.
2468 2763 2625 2828 Bent.

423 2827 630 2878 erudite
668 2829 796 2891 legit
829 2829 1110 2879 steuionino.
1173 2831 1237 2880 R.
1266 2831 1336 2878 D.
1388 2829 1659 2878 Bentleius
1693 2844 1761 2878 ex
1796 2829 2091 2878 Menandro
2121 2836 2179 2878 et
2207 2827 2405 2878 Donati
2444 2835 2621 2877 mente

423 2893 634 2955 reponit
658 2893 951 2943 stellionum.-
987 2902 1040 2943 et
1076 2895 1178 2946 Do.
1202 2893 1377 2956 arguit
1397 2894 1717 2955 Terentium,
1751 2895 1838 2957 qui
1862 2909 1893 2942 a
1914 2893 2207 2942 Menandro
2229 2891 2508 2952 aberrarit,
2535 2907 2626 2953 γα·

421 2957 606 3016 λσῶτην
625 2971 800 3006 senem
821 2959 1059 3018 dicente;
1081 2958 1168 3007 sed
1193 2959 1277 3007 alii
1297 2957 1600 3007 defendunt.
1647 2958 1897 3006 Putamus
1916 2956 2161 3018 ’γαλεόδης
2182 2957 2431 3020 scriptum
2448 2954 2623 3005 fuisse.

424 3021 543 3085 Rip.
609 3023 876 3071 Donatum
897 3025 1042 3085 sequi
1066 3022 1251 3073 debuit
1273 3023 1431 3072 Bent.
1480 3035 1577 3070 nec
1616 3022 1943 3071 committere
1966 3022 2099 3070 utin
2128 3019 2364 3070 fraudem
2387 3021 2501 3082 ipse
2527 3019 2627 3068 illi.-

425 3093 634 3136 ceretur
670 3085 733 3135 ab
761 3088 873 3135 istis
912 3088 1280 3150 grammaticis,
1314 3088 1420 3150 qui,
1455 3086 1641 3135 Latina
1671 3085 1736 3134 ad
1760 3085 1949 3136 Graeca
1982 3084 2202 3135 obscura
2231 3084 2500 3148 diligentia
2518 3084 2626 3133 exi-

425 3157 627 3214 gentes,
659 3164 760 3200 non
783 3150 992 3216 poetam
1017 3151 1298 3214 cupiebant
1321 3151 1586 3210 Nostrum,
1605 3150 1696 3198 sed
1722 3149 1936 3199 verbum
1959 3149 2025 3199 de
2052 3149 2209 3199 verbo
2234 3155 2626 3198 convertentem

425 3216 784 3279 interpretem.
850 3217 980 3268 Quis
1018 3217 1150 3265 enim
1190 3215 1370 3266 audiat
1402 3216 1544 3264 iilum
1576 3214 1844 3265 stellionino
1886 3221 2245 3278 reponentem,
2293 3213 2440 3277 quasi
2482 3213 2628 3266 color

425 3282 758 3329 mustelarum
781 3295 930 3345 aeque
962 3280 1188 3331 incertus
1211 3282 1280 3330 sit
1301 3287 1454 3345 atque
1474 3293 1722 3344 equorum
1747 3285 1803 3327 et
1825 3279 2043 3328 canum?
2074 3279 2241 3328 Immo
2260 3275 2629 3340 mustclae'ple-

425 3357 601 3410 rteque
619 3359 815 3408 omues,
845 3345 1067 3396 testibus
1085 3361 1212 3410 quos
1235 3344 1435 3410 Augias
1464 3344 1662 3407 laudat,
1696 3344 1749 3392 in
1772 3344 1925 3394 dorso
1948 3351 2004 3393 et
2025 3343 2272 3392 lateribus
2296 3343 2465 3392 rutilae
2488 3348 2627 3404 sunt,

424 3423 541 3459 raro
566 3408 840 3472 subfulva,
870 3413 1037 3460 rarius
1075 3411 1230 3460 etiam
1272 3417 1396 3460 totae
1434 3407 1689 3468 candidae,
1723 3415 1778 3458 et
1812 3408 2253 3472 frequentissimas
2282 3407 2365 3457 hic
2387 3407 2629 3470 intelligi,

424 3483 824 3524 consentaneum
850 3481 945 3526 est.
979 3475 1127 3525 Both.
1169 3475 1257 3539 qui
1279 3475 1370 3524 dat
1393 3473 1786 3522 manutium—28
1822 3473 1970 3524 Quod
1995 3470 2047 3521 in
2072 3472 2297 3537 antiquis
2321 3471 2627 3537 quibusdam

425 3535 570 3588 libris
609 3545 708 3600 est,
738 3540 946 3601 emerim,
981 3547 1337 3603 pervetustum
1374 3538 1597 3595 videtur,
1629 3543 1687 3588 et
1716 3538 1827 3601 jam
1850 3553 1881 3587 a
1903 3537 2164 3588 Ciceronis
2186 3552 2329 3597 aevo;
2370 3537 2457 3600 qui
2490 3533 2628 3584 haud

429 3602 556 3664 scio,
588 3615 651 3649 an
675 3602 775 3650 huc
796 3606 1106 3667 respexerit,
1129 3605 1359 3654 scribens
1376 3603 1489 3652 Att.
1511 3617 1551 3652 1.
1576 3607 1659 3653 19.
1692 3602 1710 3629 ‘
1728 3603 1827 3652 Ille
1852 3603 1987 3652 alter
2005 3603 2079 3651 ita
2112 3601 2237 3651 nihil
2260 3609 2358 3665 est,
2378 3607 2439 3650 ut
2460 3602 2635 3664 plane;

429 3665 552 3728 quid
577 3665 780 3728 emerit,
813 3667 1047 3716 nesciat.'
1108 3669 1210 3716 Sed
1245 3677 1300 3716 et
1334 3668 1528 3717 emerim
1565 3667 1758 3730 legisse
1796 3667 1999 3716 videtur
2036 3667 2294 3716 Donatus.
2363 3665 2449 3714 Au
2488 3667 2633 3714 locus

431 3741 707 3792 expressus
729 3743 760 3778 e
784 3729 1012 3779 Plauto?
1047 3731 1170 3780 vid.
1198 3732 1356 3794 Epid.
1393 3745 1481 3781 ιιι.
1510 3735 1559 3780 4.
1590 3733 1675 3780 40.
1710 3731 2042 3781 Praetulerim
2067 3739 2241 3781 tamen
2261 3729 2459 3792 egerim.
2524 3729 2628 3778 Ms-

1423 3873 1472 3924 N
1479 3873 1639 3924 01·AE

495 3989 564 4038 22
600 3989 770 4038 Colore
812 3987 1101 4052 mustellino]
1153 3985 1257 4037 Hic
1298 3987 1492 4038 erravit
1571 3987 1743 4038 dinem
1769 3989 2019 4038 stellionis
2039 3989 2126 4054 qui
2146 3989 2284 4054 pelle
2304 3992 2385 4037 est
2406 3985 2632 4036 maculo-

433 4065 710 4115 'I'erentius
733 4083 744 4112 :
786 4080 922 4126 nam,
954 4079 1070 4114 cum
1111 4065 1320 4128 legisset
1351 4065 1491 4128 apud
1572 4081 1649 4122 sa,
1674 4072 1733 4115 ut
1755 4066 2034 4116 Eunuchus
2057 4065 2147 4114 ille
2180 4071 2294 4114 erat
2316 4076 2405 4112 ore
2426 4077 2629 4125 προτευς

433 4142 810 4192 Menandrum:
865 4141 1112 4202 γαλεόν-ης
1152 4139 1321 4204 γέρων,
1353 4142 1490 4206 quod
1571 4142 1745 4192 stellio
1781 4148 1958 4190 autem
2003 4147 2085 4189 est
2117 4137 2381 4201 γαλεώτης,
2414 4139 2634 4188 minstela

429 4219 794 4282 lentiginosum
828 4233 1006 4268 senem
1028 4218 1308 4282 significat,
1328 4220 1492 4280 cnjus-
1573 4232 1700 4267 vero
1718 4224 1798 4266 est
1813 4218 1977 4277 ’γα-λῆς
2012 4215 2123 4264 baec
2142 4228 2417 4280 perperam
2439 4213 2633 4263 Teren-

435 4295 577 4344 modi
604 4294 716 4344 fere
748 4301 869 4344 sunt
889 4285 1144 4358 Eunuchi,
1174 4295 1238 4344 ad
1259 4294 1493 4345 similitu·
1573 4295 1679 4344 tius
1697 4292 1985 4343 confundit.

567 4375 740 4439 Delph.
763 4382 810 4426 et
839 4377 950 4427 ναν.
971 4377 1099 4427 Clas.
1456 4374 1647 4424 Terent.
2385 4376 2417 4421 2
2452 4371 2504 4420 H
