3234 4934
952 434 1049 481 nn
1078 432 1400 516 comens
1450 436 2080 489 nrunnsromsus.
2481 427 2611 493 145

283 638 293 645 ,
418 575 561 635 sede
602 576 717 637 hoc
758 576 1012 649 eveniat,
1060 576 1268 637 eadem
1312 577 1710 639 validissimus
1759 582 2026 641 ratione:
2073 582 2268 661 qualis
2317 585 2493 643 etiam
2531 604 2606 647 ex

419 672 1121 735 Heautontimorumeno:
1164 680 1183 709 ‘
1208 675 1375 735 Itane
1413 686 1818 755 comparatam
1846 696 1978 755 esse
2005 678 2310 739 bominum
2337 690 2606 740 naturam

416 768 716 829 omnium.’
796 770 985 837 Quem
1034 789 1265 831 versum
1312 772 1411 850 qui
1460 773 1822 833 trochaicum
1867 785 2100 853 putent,
2143 796 2334 855 nugas
2377 788 2602 855 agant:

416 859 547 923 bsec
576 865 731 923 enim
760 866 904 945 suga
926 886 1121 946 neque
1152 869 1486 929 necessaria
1511 880 1626 941 est,
1673 883 1735 929 et
1761 882 1854 929 est
1879 872 2118 931 frustra.
2199 873 2352 932 Nam
2381 872 2440 931 in
2471 894 2606 954 pm-

414 958 555 1039 logo
582 960 1006 1040 Adelphorum,
1030 982 1167 1043 quae
1197 982 1333 1043 pars
1362 982 1495 1023 esse
1520 962 1702 1025 debet
1727 966 2114 1044 politissima:
2143 974 2162 1001 ⁸
2187 968 2412 1028 Indicio
2439 967 2514 1029 de
2543 989 2606 1029 se

414 1054 541 1134 ipse
566 1057 715 1116 erit:
760 1076 865 1117 vos
893 1058 1053 1119 eritis
1089 1058 1367 1139 judices.’
1448 1061 1517 1118 In
1556 1058 1767 1119 eadem
1811 1060 2070 1122 Fabula:
2116 1062 2351 1129 ‘Quam
2380 1063 2606 1124 aut—hic

413 1171 572 1212 nunc
618 1172 857 1213 manere
902 1156 1166 1216 tamdiu:
1212 1166 1317 1216 aut
1358 1176 1517 1215 nune
1554 1156 1874 1235 persequi?
1955 1156 2160 1235 Inepte
2201 1158 2498 1219 divertunt
2525 1160 2604 1219 ad

411 1248 763 1309 trochaicus·
848 1250 1005 1318 Quid
1055 1254 1211 1311 enim
1264 1252 1323 1311 in
1372 1253 1477 1313 illo
1520 1252 1767 1311 dicent?
1816 1260 1837 1286 ‘
1869 1252 1974 1314 Ille
2023 1254 2225 1326 futilis,
2269 1256 2562 1315 somnium
2588 1280 2603 1317 z

414 1342 635 1404 sineres
664 1363 801 1405 vero
826 1347 994 1407 illum
1022 1357 1187 1407 tuum
1208 1346 1251 1405 ’ζ’
1312 1348 1545 1408 Etenim
1589 1348 1882 1407 trochaeos
1919 1360 2268 1429 extorquere
2309 1362 2608 1429 nequeant

412 1460 485 1499 ex
514 1459 605 1502 eo,
679 1441 755 1501 Et
782 1442 843 1501 in
872 1442 1198 1503 Eunucho:
1235 1452 1251 1478 ‘
1274 1443 1396 1503 Sed
1424 1444 1718 1503 nemiuem
1748 1445 2045 1505 curiosum
2069 1446 2417 1507 intervenire
2447 1466 2606 1508 nunc

413 1535 599 1594 mihi!
676 1538 869 1605 Quem
910 1536 1188 1599 Erasmus
1215 1558 1449 1599 versum
1490 1558 1597 1618 pro
1631 1540 1866 1599 senario
1897 1540 2295 1619 imprudenter
2321 1558 2453 1602 sese
2481 1560 2605 1601 me-

411 1632 583 1690 titum
626 1652 761 1692 esse
804 1643 997 1712 putat.
1079 1634 1157 1693 Et
1200 1636 1263 1693 in
1311 1636 1585 1715 Hecyra:
1633 1643 1649 1671 ‘
1671 1637 1716 1695 A
1771 1635 2076 1717 Myrrhina
2109 1636 2244 1697 haec
2285 1652 2432 1713 sunt
2473 1658 2606 1699 mea

414 1746 593 1786 uxore
622 1738 828 1789 exorta
852 1730 1091 1791 omnia!
1162 1731 1239 1790 Et
1265 1730 1325 1790 in
1354 1730 1607 1791 Poenulo
1633 1750 1646 1789 ε
1691 1741 1711 1767 ·
1738 1730 1968 1811 Perque
1991 1752 2160 1792 meos
2184 1752 2440 1805 arnume,
2473 1752 2604 1813 per-

410 1842 525 1901 que
554 1826 977 1906 Adelphasimn
1004 1829 1236 1888 meam.'
1292 1815 1371 1888 Et
1396 1828 1455 1887 in
1484 1826 1948 1909 Amphitryone:
1988 1838 2004 1865 ⁶
2029 1826 2307 1889 inimicos
2337 1850 2444 1890 osa
2471 1842 2610 1891 sum·

411 1938 639 1999 semper
666 1923 1004 1983 obtuerier.'
1086 1924 1233 1983 Item
1258 1925 1320 1983 in
1348 1924 1662 1984 Asinaria:
1706 1932 1722 1959 ⁶
1750 1925 1937 1985 Deam
1969 1925 2080 1985 sibi
2123 1926 2379 1998 invocet,
2425 1948 2604 2006 quam

410 2014 653 2087 lubebit,
696 2018 1047 2097 propitiam!
1126 2019 1205 2078 Et
1246 2020 1305 2077 in
1350 2018 1697 2080 Aulularia:
1737 2027 1756 2055 ⁸
1786 2021 2016 2101 Nempe
2061 2023 2218 2082 sicut
2264 2020 2432 2082 dicis·
2453 2024 2605 2102 quid

408 2108 551 2169 hic?
594 2130 714 2171 non
760 2123 994 2193 poterat
1036 2112 1113 2175 de
1158 2132 1269 2175 suo
1288 2114 1334 2173 ‘i’
1416 2117 1506 2175 Ex
1554 2116 1810 2176 Casina:
1855 2118 2017 2175 ‘Aut
2059 2118 2229 2195 quasi
2280 2117 2603 2178 lumbricus

409 2216 619 2266 terram
648 2208 888 2287 quidem
915 2221 976 2269 te
1004 2210 1309 2289 postules!
1364 2212 1534 2273 Sicut
1552 2230 1627 2271 ex
1652 2211 1954 2291 Captivis:
1981 2220 2004 2247 ⁸
2030 2213 2176 2271 Inde
2201 2231 2297 2273 me
2323 2213 2604 2273 continue

410 2302 685 2381 recipiam
735 2326 965 2365 rursum
1016 2307 1300 2389 domum-²
1382 2310 1468 2367 Ex
1512 2308 1740 2369 Casina
1787 2307 2072 2369 alterum:
2123 2315 2140 2343 ‘
2173 2308 2331 2378 Quid
2379 2308 2559 2369 facies
2577 2310 2606 2368 ’.θ

406 2399 761 2469 concludere
804 2402 866 2462 in
912 2403 1229 2464 fenestram
1272 2402 1555 2465 firmiter.’
1635 2404 1812 2473 Quod
1859 2404 1910 2463 si
1951 2403 2152 2464 dicant
2173 2404 2318 2465 elidi
2345 2404 2603 2478 sibilum,

408 2496 907 2570 quemadmodum
954 2500 1011 2557 in
1058 2488 1376 2561 Rudente:
1422 2509 1439 2535 ⁸
1465 2499 1820 2559 illustriores
1845 2498 1990 2559 fecit
2014 2500 2424 2579 fenestrasque
2448 2498 2602 2559 indi-

410 2588 552 2651 dit:’
590 2592 835 2672 objicies
866 2594 1009 2655 illud
1037 2614 1115 2655 >ex
1144 2594 1484 2657 Aulularia:
1518 2600 1535 2629 ‘
1555 2594 1806 2674 AEdepol
1831 2593 2139 2670 mortalem
2163 2612 2339 2673 parce
2364 2612 2604 2673 pascum

406 2686 745 2765 pandicus!
798 2689 934 2757 Quo
961 2691 1095 2750 loco
1125 2692 1174 2749 si
1191 2690 1433 2769 jurandi
1460 2688 1800 2750 adverbium
1831 2690 2272 2769 pronuntiatum
2299 2700 2606 2751 autument

411 2782 487 2842 ab
534 2784 793 2863 antiquis
850 2805 956 2866 per
1001 2786 1213 2846 medice
1263 2786 1511 2867 syllabas
1560 2786 1970 2857 exemtionem,
2024 2786 2204 2844 >alium
2251 2804 2520 2865 opponas
2569 2808 2604 2846 e

407 2876 758 2941 Pseudulo:
803 2888 819 2916 ‘
846 2881 1020 2941 Nunc
1046 2892 1153 2940 tuo
1193 2900 1327 2941 cum
1374 2880 1497 2939 filio
1542 2880 1690 2939 liber
1733 2880 2022 2940 accubat:
2067 2880 2305 2939 omnia?
2386 2877 2500 2941 Ubi
2551 2884 2605 2941 si

406 2972 631 3047 dicant,
672 2975 774 3046 ad,
810 2976 1279 3053 prepositionem
1308 2976 1365 3034 in
1393 2974 1822 3053 compositione
1849 2975 2025 3035 etiam
2052 2986 2386 3054 correptam
2407 2995 2604 3037 enun-

404 3069 533 3129 tia-ri
562 3071 943 3130 consuevisse
971 3090 987 3130 :
1028 3055 1363 3150 quaeramus
1392 3088 1525 3142 nos,
1566 3088 1752 3149 quare
1775 3070 1836 3127 in
1865 3072 1992 3131 aliis
2011 3071 2345 3131 »carminum
2375 3073 2604 3151 generi·

404 3166 517 3225 bus
546 3166 725 3225 nullis
756 3164 983 3225 licuerit
1012 3166 1148 3226 hoc.
1216 3163 1397 3234 Quod
1424 3165 1475 3223 si
1505 3164 1906 3245 respondeant
1933 3166 2207 3225 iri-causa
2233 3184 2365 3226 esse
2392 3168 2603 3247 pedes-

405 3272 551 3321 trem
582 3280 651 3321 ac
681 3262 981 3341 vulg-arem
1012 3262 1336 3323 orationem
1361 3280 1377 3321 :
1417 3261 1555 3321 hinc
1584 3262 1870 3322 instemus
1900 3280 2033 3335 nos,
2077 3282 2198 3322 non
2227 3262 2402 3323 valde
2431 3264 2602 3323 meri-

400 3366 523 3417 tam
550 3376 683 3419 esse
707 3358 872 3419 illius
892 3358 1202 3431 vilitatem,
1230 3368 1300 3417 ut
1324 3368 1445 3417 tam
1466 3358 1758 3417 accuratis
1781 3358 2023 3417 astricta
2037 3358 2301 3418 numeris
2321 3358 2602 3419 creticum

404 3466 836 3531 aspernaretur.
894 3454 1101 3533 Itaque
1130 3456 1371 3515 verbum
1401 3453 1834 3513 substantivum
1853 3452 2176 3533 aliquando
2198 3454 2361 3513 miris
2383 3464 2602 3513 torsere

404 3549 637 3609 modis:
678 3559 745 3608 ut
771 3550 831 3609 iu
861 3549 1053 3611 Milite
1079 3548 1369 3609 Plautus:
1412 3555 1430 3582 ‘
1453 3548 1716 3608 'Censen’
1741 3568 1880 3609 vero
1907 3551 2059 3609 adeo
2087 3568 2222 3609 esse
2243 3567 2514 3629 parcum,
2543 3560 2604 3611 et

406 3646 618 3703 misere
642 3644 881 3703 vivere?
924 3645 1109 3705 Dicas
1134 3664 1377 3706 uxorem
1404 3644 1509 3705 tibi
1534 3664 1669 3705 esse
1691 3664 2004 3705 necessum
2029 3644 2287 3707 ducere?
2329 3645 2602 3725 Apertius

402 3739 632 3800 veroin
681 3737 1051 3818 ›Gurgnlione
1098 3742 1349 3819 simplici
1378 3741 1548 3801 sibilo
1592 3742 2043 3821 pronuntiatur:
2083 3748 2100 3777 ⁴
2127 3741 2282 3801 Huic
2312 3742 2450 3800 anui
2477 3756 2598 3797 non

402 3836 549 3897 satis
576 3845 671 3895 est
696 3834 811 3895 soli
836 3852 852 3895 ε
900 3853 1111 3895 canem
1134 3856 1269 3896 esse
1313 3838 1469 3897 hanc
1496 3836 1776 3915 quidem!
1859 3838 2134 3898 Ceterum
2161 3837 2294 3916 quis
2322 3836 2540 3896 eximet
2565 3852 2602 3892 a

400 3932 617 3995 cretico
662 3950 895 3991 versum
922 3930 1090 3990 illum
1132 3951 1209 3991 ex
1251 3931 1588 3991 Trinummo
1618 3950 1634 3991 ε
1697 3938 1714 3967 ‘
1749 3931 1841 3990 Sit
1868 3932 2252 3993 taciturnitati
2279 3931 2434 3991 clam
2454 3929 2600 3988 fidei

402 4047 471 4088 ac
498 4026 733 4087 fiducia:
757 4026 797 4087 :'
836 4026 949 4086 nisi
988 4027 1091 4105 qui
1132 4025 1210 4086 ad
1260 4027 1613 4087 trochaicam
1659 4045 1820 4086 aram
1866 4027 2030 4089 illam
2077 4028 2288 4087 misere
2317 4024 2601 4104 confuge-

398 4123 520 4182 rit?
560 4123 759 4192 Quare
787 4120 891 4182 illo
918 4122 1245 4183 obruantur
1275 4141 1349 4180 ex
1377 4121 1768 4200 Gurgulione,
1797 4141 1968 4201 quem
2013 4122 2322 4192 iambicus,
2370 4129 2439 4179 ut
2465 4136 2598 4179 seso

402 4216 463 4279 in
490 4219 686 4279 omnia
704 4230 951 4292 vertant,
972 4220 1118 4297 quin
1138 4218 1235 4294 sit,
1257 4218 1489 4279 efficere
1516 4227 1850 4297 nequeant:
1883 4225 1900 4253 ‘
1923 4216 2108 4287 Liberi
2141 4216 2326 4295 lepos,
2352 4225 2420 4274 ut
2443 4228 2601 4275 'eete-

528 4330 705 4394 Daph.
722 4336 771 4380 et
789 4330 908 4381 Vm·-
931 4329 1065 4381 ctas.
1411 4328 1603 4379 Terent.
2413 4328 2464 4375 K
