3234 4934
1132 427 1404 488 vica-on
1455 438 1548 486 nn
1594 439 1973 488 commoni.
2555 427 2643 490 53

457 592 572 642 teS.
655 581 926 659 Denique
955 599 1056 660 per
1079 599 1197 640 non
1227 580 1396 640 tritas
1423 579 1659 640 dicendi
1709 581 1928 658 figuras
1967 581 2319 658 elegantiam
2365 580 2635 661 alicujus,

463 686 566 734 aut
591 676 734 735 rude
761 675 1058 756 ingenium
1085 677 1494 755 exprimentes,
1539 676 1833 734 theatrum
1864 695 2035 736 omne
2058 676 2177 736 risu
2210 674 2642 741 diffundebant.

431 795 438 803 ·
461 772 676 831 Verum
703 772 834 832 hoec
859 773 1133 832 universa
1159 771 1324 832 nihili
1354 790 1775 851 nonnunquam
1806 783 1995 843 eraut,
2038 772 2149 831 nisi
2174 792 2381 832 vocem
2408 773 2645 834 histrio·

460 886 567 926 nes
615 867 862 943 singulis
907 867 1315 926 adhibuissent
1355 867 1900 926 accommodatam:
1943 867 2423 946 quandoquidem
2452 872 2643 930 omnis

429 977 434 984 ·
461 961 774 1022 oblectatio
803 963 1124 1024 Comoediae
1151 964 1576 1043 propemodum
1605 965 1665 1021 in
1696 965 1927 1024 actione
1956 963 2247 1023 consistit.
2334 965 2643 1026 Hactenus

461 1069 656 1119 autem
684 1080 820 1139 quae
845 1060 1119 1134 diximus,
1145 1061 1304 1120 bono
1332 1059 1525 1120 omine
1553 1060 1916 1138 procedant:
1961 1080 2035 1120 ne
2061 1060 2224 1138 (licet
2265 1061 2405 1121 huic
2446 1061 2643 1124 libello

459 1153 534 1212 de
587 1157 882 1236 perplexis
937 1156 1089 1217 adeo
1136 1156 1560 1236 quaestionibus
1606 1157 1969 1236 propositum
2014 1176 2133 1216 non
2182 1157 2261 1216 sit
2315 1156 2645 1237 disputare)

457 1250 630 1310 nimis
661 1253 846 1312 multa
873 1271 1006 1311 esse
1031 1250 1364 1313 videantur.

539 1347 603 1405 Si
645 1347 913 1408 funditus
944 1349 1170 1407 Latinae
1201 1347 1524 1408 Comoedia:
1553 1367 1788 1428 quaeras
1835 1349 2163 1429 perspicere
2207 1348 2640 1410 conditionem:

455 1442 718 1521 inprimis
747 1443 874 1523 ejus
902 1443 1182 1522 originem
1211 1461 1316 1522 par
1337 1462 1470 1504 esse
1495 1443 1746 1503 arbitror·
1768 1463 1886 1504 non
1917 1443 2225 1522 ignorare:
2255 1444 2474 1523 quippe
2502 1464 2639 1505 cum

460 1538 536 1596 ad
565 1558 676 1598 nos
705 1559 738 1599 e
770 1539 982 1598 Graeco
1009 1539 1172 1598 fonte
1198 1537 1464 1600 derivata
1488 1559 1590 1618 per
1618 1540 1857 1598 Latinos
1886 1541 2056 1618 quasi
2093 1539 2366 1600 traduces
2403 1558 2643 1601 emana-

459 1633 554 1692 rit.
637 1635 706 1693 In
734 1635 1014 1694 Veterum
1041 1636 1243 1714 itaque
1291 1635 1502 1695 fabulis
1547 1637 1809 1717 quinque
1852 1636 2159 1714 perhibent
2196 1655 2329 1696 esse
2368 1636 2645 1695 differen-

458 1729 602 1801 tias,
618 1741 947 1811 temporum
974 1731 1220 1805 scilicet,
1264 1731 1420 1812 styli,
1465 1732 1749 1804 materioe,
1791 1751 2185 1805 numerorum,
2214 1743 2276 1793 et
2301 1745 2643 1813 apparatus.

457 1826 646 1886 Nobis
685 1829 862 1906 igitur
903 1840 1172 1907 tempora
1217 1829 1755 1903 considerantibus,
1795 1829 1909 1889 tria
1950 1829 2380 1889 comoediarum
2426 1849 2646 1908 genera

459 1941 590 1981 sese
618 1922 870 1984 offerunt
893 1924 1335 2004 distinguenda.
1417 1925 1678 1985 Primum
1704 1925 1859 1985 enim
1888 1934 2001 1999 est,
2027 1925 2187 2004 quod
2217 1945 2336 1984 una
2362 1945 2495 1984 cum
2526 1926 2643 1986 Pe-

455 2017 933 2095 loponnesiorum
960 2021 1220 2099 imperio,
1250 2021 1588 2094 Susarione‚
1610 2021 1703 2082 vel
1732 2021 2079 2080 Sannirione
2098 2019 2296 2080 floruit
2316 2020 2638 2082 inventore.

457 2113 747 2184 Alterum,
783 2115 944 2194 quod
973 2117 1050 2174 ab
1073 2115 1363 2195 impositis
1389 2137 1495 2195 per
1523 2115 2005 2176 Lacedaemonios
2032 2113 2480 2173 Atheniensium
2517 2133 2645 2175 cer·

459 2207 684 2268 vicibus
712 2209 954 2288 triginta
977 2211 1149 2288 quasi
1169 2209 1319 2290 jugo
1348 2213 1610 2291 tyrannis
1640 2212 1717 2270 ad
1747 2219 1982 2270 aetatem
2010 2229 2199 2288 usque
2226 2209 2481 2290 Philippi
2510 2209 2645 2271 Ma-

459 2303 700 2364 cedonis
743 2315 838 2365 est
878 2317 1291 2386 propagatum,
1339 2307 1615 2367 videlicet
1661 2327 1765 2386 per
1811 2326 1997 2366 annos
2044 2305 2275 2365 circiter
2316 2305 2644 2384 sexaginta.

459 2400 739 2474 Tertium,
781 2400 944 2480 quod
988 2403 1062 2462 ab
1091 2402 1412 2462 Alexandri
1443 2388 1809 2481 'temporibus
1840 2401 1991 2462 adeo
2017 2402 2274 2461 faustum
2305 2399 2513 2460 sumsit
2534 2401 2647 2460 ini-

459 2495 624 2567 tium,
665 2505 732 2555 ut
769 2497 942 2555 etiarn
994 2515 1032 2554 a
1071 2497 1296 2558 Latinis
1343 2498 1403 2556 in
1445 2498 1763 2578 praesentia
1802 2496 2145 2557 celebretur.
2230 2497 2649 2556 Verumtamen-

463 2609 580 2669 ego·
603 2591 968 2650 Comoediam
1007 2591 1284 2653 Graecum
1329 2613 1462 2654 esse
1503 2593 1805 2652 inventum
1846 2591 2085 2652 minime
2135 2591 2413 2652 arbitror:
2455 2589 2649 2670 neque

460 2687 555 2761 (ut
579 2684 838 2745 Thomas
868 2685 1177 2766 Magister,
1222 2698 1284 2748 et
1309 2707 1444 2748 eum
1473 2687 1681 2759 secuti,
1728 2686 2002 2754 videntur
2044 2687 2362 2762 aestimare)
2388 2689 2463 2746 ab
2490 2689 2647 2766 agri-—

461 2779 610 2839 colis
637 2780 850 2840 civium
893 2782 1134 2861 injurias
1162 2784 1656 2862 conquerentibus
1684 2803 1817 2844 esse
1844 2783 2187 2842 derivatam.
2271 2781 2407 2842 Hoc
2432 2801 2646 2860 nempe

460 2893 703 2935 eausam
731 2877 1088 2954 asperitatis,
1113 2888 1174 2938 et
1191 2879 1518 2957 jurgiorum
1545 2881 1608 2937 in
1636 2879 1836 2938 Veteri
1863 2879 2171 2938 Comoedia
2196 2877 2427 2938 reddit:
2469 2895 2647 2957 quam

461 2987 600 3029 mox
625 2970 740 3047 ipsi
764 2969 945 3046 longe
972 2969 1144 3028 aliam
1171 2989 1304 3030 esse
1334 2972 1673 3032 docebimus
1698 2992 1715 3031 :
1744 2991 1939 3050 neque
1965 2972 2196 3031 videtur
2217 2973 2552 3051 quicquam,
2582 2983 2652 3031 ut

460 3084 615 3137 reor,
645 3063 720 3122 ad
753 3063 1074 3123 Comoedia:
1115 3065 1435 3145 primordia
1458 3067 1788 3146 pertinere:
1832 3067 2109 3146 quoniam
2145 3066 2439 3144 Orpheus,
2475 3085 2652 3144 quem

463 3169 701 3221 constat
745 3179 851 3240 per
899 3169 1136 3220 eentum
1187 3161 1433 3240 amplius
1482 3181 1672 3222 annos
1728 3171 1867 3222 ante
1916 3160 2156 3241 Trojani
2202 3159 2341 3220 belli
2387 3171 2653 3240 tempora

463 3255 702 3326 vixisse,
759 3256 872 3314 sub
915 3255 1316 3316 Laomedonte
1367 3256 1616 3329 scilicet,
1668 3276 1737 3316 ac
1780 3256 2031 3316 Athenis
2074 3257 2262 3335 AEgeo
2305 3256 2649 3336 imperante,

465 3350 688 3411 Bacchi
733 3352 1014 3431 mysteria
1056 3353 1130 3412 ab
1158 3352 1450 3432 AEgyptiis
1479 3354 1695 3413 tralata
1722 3353 1845 3412 suis
1874 3351 2306 3412 Thracensibus
2350 3352 2651 3413 indicavit.

467 3447 649 3525 Atqui
680 3446 1024 3520 comoediae,
1062 3447 1558 3527 quemadmodum
1600 3447 1759 3508 idem
1786 3447 1995 3508 asserit
2020 3447 2298 3520 Thomas,
2327 3449 2478 3508 veris
2505 3458 2654 3508 tem-

465 3560 607 3621 pore
655 3541 716 3601 in
763 3542 1231 3603 Bacchanalibus
1275 3545 1625 3622 agebantur.
1709 3543 1881 3603 Unde
1928 3543 2107 3602 etiam
2150 3541 2311 3620 apud
2349 3542 2652 3604 Romanos

469 3654 572 3696 ara
599 3636 805 3697 Libero
831 3638 984 3716 patri
1013 3656 1182 3700 sacra
1209 3640 1268 3698 in
1312 3637 1521 3701 dextro
1559 3639 1739 3698 latere
1790 3658 2005 3712 scenae,
2049 3637 2543 3717 quemadmodum
2574 3641 2657 3698 ait

471 3731 767 3805 Donatus,
793 3732 887 3793 vel
914 3732 1251 3806 orchestrae,
1279 3743 1348 3797 ut
1370 3733 1608 3806 Pollux,
1638 3753 1865 3812 semper
1890 3734 2240 3814 erigebatur,
2280 3735 2441 3812 quod
2470 3735 2655 3792 maxi-

469 3845 630 3886 mum
661 3838 757 3888 est
783 3838 1212 3906 argumentum,
1242 3847 1288 3889 a
1313 3829 1536 3891 Bacchi
1559 3829 1854 3910 mysteriis
1882 3849 2054 3890 omne
2084 3829 2437 3890 Fabulartun
2466 3847 2655 3908 genus

469 3941 605 3983 esse
633 3922 1021 4004 depromtum.
1105 3925 1173 3984 ld
1221 3925 1502 3986 Horatius
1545 3927 1758 3997 innuit,
1802 3945 1937 3987 cum
1966 3933 2358 4005 spectatorem
2385 3933 2445 3984 et
2472 3923 2655 3984 sacris

451 4020 760 4092 Tannetum,
805 4031 868 4080 et
901 4030 1103 4098 potum
1143 4021 1420 4099 appellat.
1503 4021 1623 4082 Par
1652 4032 1747 4081 est
1787 4021 1962 4101 igitur
1998 4020 2283 4091 arbitrari,
2322 4020 2511 4097 prima
2537 4020 2656 4081 Co-

469 4114 706 4174 moedise
733 4117 958 4176 semina
984 4135 1088 4195 per
1110 4115 1408 4198 Orpheum
1433 4119 1508 4179 ab
1530 4119 1791 4198 AEgypto
1810 4118 1871 4177 in
1892 4117 2187 4176 Graeciam
2214 4113 2397 4174 fuisse
2424 4113 2653 4177 delata:

443 4209 634 4316 'unde
661 4211 965 4289 complura
1009 4231 1129 4273 non
1173 4213 1448 4294 Orpbeus
1483 4215 1685 4288 modo,
1724 4231 1927 4274 verum
1968 4223 2029 4274 et
2072 4210 2171 4271 alii
2214 4212 2656 4274 transtulerunt.
