3234 4934
621 389 751 456 272
1465 405 1969 456 anonumum.

687 547 1032 597 Chremetem.
1093 545 1197 596 Sed
1230 545 1574 609 nave-fracta,
1594 547 1739 597 venit
1772 547 1926 596 simul
1957 559 2076 596 cum
2111 551 2274 610 nepte
2303 545 2471 596 adhuc
2492 546 2728 611 parvula,
2745 545 2812 596 ad

684 628 902 677 insulam
938 627 1261 689 Gra-eorum,
1296 627 1500 676 nomine
1524 625 1781 688 Andrum,
1805 625 1978 691 ibique
2009 626 2130 675 dum
2165 634 2454 677 moraretur
2489 641 2583 690 per
2614 628 2813 691 aliquot

685 707 799 757 dies
832 709 884 756 in
924 707 1147 772 hospitio
1184 707 1447 771 cujusdam
1482 707 1581 756 viri
1619 708 1708 772 qui
1741 704 1966 756 habebat
2003 705 2158 756 filiam
2197 707 2452 756 vocabulo
2489 707 2812 772 Chrysidem,

684 793 853 836 morte
886 796 1180 850 preventus
1203 797 1303 838 est.
1372 789 1487 839 Nec
1511 789 1673 837 multo
1705 796 1826 852 post
1867 795 2020 852 pater
2039 787 2306 852 Chrysidis
2336 802 2544 852 quoque
2575 787 2809 838 moritur.

680 869 809 920 Tum
854 869 957 918 iuae
997 868 1112 918 due
1152 869 1338 931 puellm
1384 868 1450 918 ab
1489 867 1673 918 Andro
1716 868 2126 933 proficiscentes,
2160 881 2279 916 cnm
2315 868 2428 917 aliis
2473 867 2814 932 pedissequis,

680 947 914 997 Athenas
948 948 1290 1011 devenerunt,
1327 946 1562 1012 falsoque
1600 946 1866 1004 Pasibula.
1901 962 2016 1014 qum
2051 954 2109 997 et
2145 947 2468 1012 Glycerium,
2505 947 2811 998 credebatur

680 1042 825 1077 soror
842 1041 961 1077 esse
992 1027 1263 1091 Chrysidis
1282 1027 1353 1078 ob
1374 1027 1650 1077 maximam
1681 1025 2103 1078 familiaritatem
2167 1027 2280 1076 lliis
2311 1041 2516 1092 quoque
2549 1027 2736 1078 diebus
2755 1035 2810 1078 et

680 1107 927 1158 Chremes
949 1121 1185 1158 reversus
1200 1115 1301 1172 est,
1322 1116 1470 1173 pater
1491 1107 1776 1170 Pasibula,
1796 1122 1914 1158 eum
1934 1107 2036 1157 alia
2054 1107 2178 1170 lilia,
2196 1107 2505 1158 Philumena
2527 1108 2810 1159 nominata.

678 1187 949 1250 Attamen,
970 1203 1091 1239 enm
1122 1189 1274 1238 simul
1302 1204 1407 1239 nna
1440 1189 1495 1239 in
1518 1188 1646 1240 urbe
1679 1189 1998 1254 habitarent,
2017 1189 2264 1238 Chremes
2287 1196 2346 1238 et
2383 1187 2490 1238 filia
2521 1189 2632 1253 ejus
2664 1189 2809 1239 Pasi-

678 1269 819 1332 bula,
848 1283 965 1334 qnae
998 1277 1055 1318 et
1090 1269 1412 1333 Glycerium,
1450 1285 1481 1320 a
1515 1269 1722 1320 nemine
1753 1269 2156 1334 agnoscebatur,
2181 1269 2318 1334 qnod
2351 1268 2461 1320 filia
2498 1269 2610 1333 eins
2643 1275 2807 1320 esset.

676 1349 795 1399 Non
828 1350 967 1399 enim
1000 1351 1409 1414 recognoscebat
1436 1351 1595 1414 illam,
1618 1351 1858 1415 qnoniam
1889 1349 2164 1400 admodum
2199 1351 2414 1414 parvula
2441 1355 2579 1411 erat,
2601 1350 2806 1415 qnando

675 1431 789 1495 ipse
833 1429 901 1480 ab
945 1430 1162 1480 Athenis
1204 1429 1530 1496 demigravit.
1595 1433 1716 1482 Quo
1763 1438 1998 1496 tempore
2037 1431 2180 1490 Simo
2217 1431 2426 1496 quidam
2467 1430 2804 1482 Atheniensis

676 1510 1009 1574 desponsavit
1044 1509 1151 1559 filio
1187 1525 1282 1560 suo
1304 1511 1583 1576 Pamphilo
1610 1510 1766 1560 filiam
1787 1510 2073 1562 Chremetis
2096 1512 2472 1563 Philumenam.
2539 1512 2663 1574 Sed,
2683 1511 2804 1562 dnm

676 1604 793 1640 cum
828 1591 943 1639 aliis
969 1590 1251 1654 juvenibus
1272 1590 1575 1654 Pamphilus
1606 1589 1674 1641 ad
1698 1590 1906 1641 domum
1925 1590 2194 1654 Chrysidis
2213 1593 2505 1643 meretricis
2527 1605 2804 1644 concurre-

674 1679 775 1734 ret,
798 1685 897 1721 nou
922 1678 1138 1735 propter
1158 1671 1346 1735 ipsam,
1366 1671 1457 1725 sed
1483 1679 1702 1736 propter
1723 1671 2043 1737 Glycerium,
2062 1685 2182 1736 qnoe
2203 1670 2339 1722 falso
2369 1687 2516 1723 soror
2535 1671 2802 1735 Chrysidis

672 1751 1002 1813 credebatur,
1024 1751 1235 1801 nimium
1260 1752 1423 1802 iratus
1454 1758 1606 1818 pater
1637 1752 1751 1817 ejus
1787 1752 1926 1802 Simo
1964 1751 2229 1802 simulavit
2247 1767 2304 1803 se
2329 1753 2464 1804 velle
2495 1753 2703 1816 nuptias
2722 1767 2805 1803 ac·

673 1831 1222 1896 celerare,statuitque
1255 1831 1395 1882 diem
1432 1832 1751 1896 nuptiarum,
1772 1831 1981 1897 qnando
2016 1830 2154 1883 filius
2187 1833 2300 1897 ejus
2329 1831 2486 1882 tiliam
2517 1830 2804 1883 Chremetis

679 1911 1054 1971 Philumenam,
1088 1920 1241 1976 quam
1274 1912 1325 1961 ei
1346 1911 1780 1975 desponsaverat,
1797 1911 2039 1974 duceret,
2057 1910 2168 1962 filio
2199 1918 2366 1964 totum
2402 1913 2696 1978 ignorante,
2715 1926 2802 1961 vo·

672 1990 786 2039 leus
805 1989 1048 2053 probare,
1067 1991 1111 2038 si
1131 2003 1309 2039 verum
1326 1997 1485 2053 esset,
1503 1991 1640 2056 quod
1663 1991 1731 2041 de
1752 1989 1862 2040 lilio
1882 1991 2146 2055 audiebat,
2169 1991 2398 2042 dumille
2420 1999 2509 2043 aut
2531 1997 2803 2057 sperneret

672 2070 1031 2122 Philumenam
1064 2076 1278 2134 propter
1308 2079 1537 2121 scortum
1574 2084 1690 2136 qn·
1727 2069 1998 2121 dicebatur
2018 2069 2320 2136 Glycerium
2353 2072 2623 2122 autetiam
2641 2071 2801 2121 duce·

672 2156 771 2200 ret.
842 2149 1083 2200 Habebat
1112 2159 1285 2200 autem
1320 2150 1565 2201 libertum
1600 2165 1748 2200 snam
1790 2151 1996 2200 nomine
2013 2149 2212 2200 Sosiam
2244 2155 2300 2199 et
2333 2163 2540 2202 servum
2571 2151 2801 2212 Davum,

666 2241 883 2294 quorum
920 2229 1139 2280 consilio
1160 2229 1411 2280 credebat
1445 2229 1606 2280 lilium
1640 2243 1814 2279 amare
1849 2228 2172 2292 Glycerium,
2193 2234 2270 2291 et,
2287 2229 2410 2280 dum
2442 2229 2520 2280 eis
2555 2227 2801 2280 manifes-

672 2316 853 2371 tasset,
869 2309 1077 2374 qnidam
1110 2309 1429 2359 renuntiavit
1460 2309 1632 2358 omnia
1665 2306 1957 2370 Pamphilo,
1977 2305 2085 2358 filio
2117 2306 2272 2358 illius.
2333 2307 2461 2371 Qui,
2487 2307 2613 2373 quia
2641 2307 2800 2358 tidem

666 2389 890 2440 habebat
921 2387 1221 2453 promissam
1258 2386 1529 2451 Glycerio,
1551 2385 1754 2450 juravit
1788 2385 1932 2435 nullo
1968 2385 2122 2437 modo
2157 2399 2274 2436 eam
2309 2385 2590 2438 dimittere.
2651 2387 2800 2438 hnc

668 2471 850 2519 Davus
872 2467 1211 2517 astutissimus
1242 2466 1388 2516 dedit
1425 2465 1475 2516 ei
1494 2465 1785 2527 consilium,
1815 2473 2075 2528 quatenns
2108 2465 2512 2530 interrogation
2533 2473 2685 2529 patre
2715 2466 2798 2534 Si·

666 2561 837 2610 moue,
860 2548 903 2596 si
928 2548 1088 2597 vellet
1119 2546 1479 2596 Philumenam
1510 2544 1724 2608 ducere,
1745 2558 1846 2594 non
1869 2552 2200 2608 repugnaret,
2217 2545 2310 2596 sed
2349 2561 2406 2596 se
2429 2547 2564 2598 velle
2586 2547 2797 2598 obedire

667 2628 892 2688 diceret,
934 2627 1113 2691 sieque
1154 2626 1364 2677 delusus
1400 2631 1553 2690 pater
1592 2626 1928 2689 prolongaret
1964 2625 2107 2688 ipsas
2139 2627 2386 2691 nuptias3
2429 2628 2610 2692 sicque
2643 2625 2795 2677 fecit.

666 2707 773 2758 Sed
812 2707 1077 2764 Chremes.
1113 2712 1169 2755 ut
1193 2705 1325 2756 vidit
1361 2712 1536 2755 natum
1576 2705 1847 2769 puerulum
1881 2719 1948 2755 ex
1986 2706 2251 2772 Glycerio,
2275 2708 2536 2759 recusavit
2566 2708 2796 2772 nuptias,

664 2789 905 2853 ignorans
927 2787 1229 2852 Glycerium
1252 2787 1412 2836 filiam
1444 2801 1560 2836 esse
1591 2801 1757 2836 suam.
1821 2787 1966 2836 Tunc
2002 2787 2252 2851 temporis
2273 2788 2576 2851 supervenit
2597 2789 2664 2838 ab
2685 2787 2793 2837 An·

666 2870 761 2920 dro
787 2870 864 2919 vir
883 2869 1088 2920 nomine
1111 2867 1281 2926 Crito,
1302 2872 1551 2930 cognatus
1586 2866 1751 2930 patris
1784 2865 2086 2929 Clnrysidis3
2118 2873 2297 2932 atque,
2318 2867 2440 2916 dum
2473 2867 2610 2917 inter
2628 2867 2796 2917 Simo·

666 2963 785 2999 nem
830 2957 887 2999 et
931 2949 1255 2998 Chremetem
1296 2945 1734 3011 Pamphilumque
1778 2945 2050 2996 altercatio
2097 2953 2258 3009 esset,
2295 2947 2606 3011 nimiumque
2649 2945 2793 2998 Simo

662 3029 825 3080 iratus
847 3037 988 3080 esset
1005 3028 1113 3081 filio
1135 3044 1227 3079 suo
1250 3027 1543 3092 Pamphilo,
1562 3025 1777 3077 advenit
1813 3027 1962 3076 Crito
1983 3025 2212 3077 Andrius
2244 3034 2300 3076 et
2321 3027 2534 3077 edocuit
2567 3028 2666 3078 iata
2687 3042 2792 3078 om·

666 3110 751 3159 nia
780 3112 1017 3175 superius
1041 3110 1200 3174 dicta,
1220 3108 1522 3173 Glycerium
1562 3107 1808 3156 videlicet
1845 3106 2002 3156 filiam
2043 3121 2158 3156 esse
2190 3107 2496 3158 Chremetis.
2563 3108 2651 3171 Et,
2673 3107 2794 3173 quia

665 3189 991 3250 Philumena,
1011 3205 1163 3255 quam
1186 3191 1235 3238 ei
1260 3197 1413 3252 pater
1444 3187 1872 3250 desponsaverat,
1892 3199 2038 3235 soror
2067 3193 2185 3235 erat
2220 3186 2473 3249 Glycerii‚
2495 3187 2712 3252 placuit,
2733 3196 2792 3237 ut

660 3267 967 3331 Pamphilus
989 3268 1287 3332 Glycerium
1308 3266 1559 3326 haberet3
1592 3265 1953 3315 Philumenam
1971 3278 2094 3315 vero
2117 3263 2262 3316 dedit
2280 3266 2525 3316 Chremes
2547 3268 2789 3332 Charino,

662 3347 750 3410 qui
772 3360 886 3397 eam
909 3346 1100 3397 ducere
1116 3347 1338 3397 volebat.

592 3425 789 3476 Sensus
824 3441 948 3476 vero
981 3427 1143 3476 totius
1185 3424 1375 3476 fabulae
1412 3426 1513 3475 iste
1538 3431 1639 3488 est,
1660 3424 1754 3475 sed
1792 3423 2036 3475 Comicus
2077 3425 2206 3474 miro
2229 3439 2342 3476 eam
2375 3425 2616 3494 dilatavit
2637 3427 2790 3478 modo

660 3506 927 3570 multaque
964 3506 1180 3556 honesta
1212 3504 1444 3556 inseruit.
1512 3504 1839 3569 Argumenta
1878 3513 1932 3556 et
1963 3505 2208 3570 prologos
2245 3505 2370 3555 licet
2394 3507 2598 3571 quidam
2639 3517 2788 3559 autu·

660 3593 805 3635 ment
841 3598 874 3634 a
911 3586 1164 3651 Caliopio,
1199 3585 1313 3650 ejus
1349 3584 1648 3647 recitatore,
1677 3599 1792 3635 esse
1830 3585 2166 3650 compositos,
2191 3593 2365 3636 tamen
2399 3587 2686 3653 sciendum,
2723 3588 2787 3638 ab

660 3665 847 3716 codem
884 3666 1096 3716 Comico
1128 3665 1285 3716 fuisse
1324 3666 1660 3730 compositos,
1683 3672 1819 3717 teste
1853 3666 2138 3728 Priscisno,
2168 3667 2255 3734 qui
2293 3667 2598 3719 versiculum
2637 3669 2788 3734 primi

659 3745 859 3811 prologi
886 3745 943 3795 in
973 3745 1265 3810 exemplum
1303 3747 1477 3796 sumit.
1547 3743 1611 3794 In
1649 3745 1875 3810 prologis
1910 3754 2084 3796 autem
2105 3747 2231 3798 nihil
2255 3748 2392 3799 aliud
2419 3749 2667 3812 ostendit,
2686 3749 2786 3798 nisi

658 3824 796 3890 qnod
818 3823 1012 3876 seruulis
1036 3833 1093 3876 et
1113 3825 1571 3890 reprehensoribus
1603 3826 1711 3876 suis
1745 3828 2048 3891 respondet,
2068 3827 2244 3894 sieque
2265 3829 2338 3878 ibi
2377 3829 2444 3879 de
2474 3843 2531 3878 se
2552 3829 2698 3894 quasi
2720 3830 2786 3882 de

658 3905 763 3954 alio
796 3903 1045 3970 loquitur.
1107 3904 1247 3955 Illud
1285 3919 1507 3972 quoque,
1546 3905 1685 3970 quod
1722 3906 1774 3955 in
1811 3905 1916 3958 fine
1959 3907 2184 3958 omnium
2221 3907 2511 3959 fabularum
2543 3909 2786 3974 habetur,

658 3983 823 4034 verba
840 3995 964 4034 sunt
986 3985 1227 4050 Caliopii,
1258 3985 1372 4050 ejus
1404 3983 1738 4046 recitatoris3
1770 3987 1879 4052 qui,
1899 3986 2019 4037 dum
2054 3985 2280 4038 fabulam
2301 3989 2650 4054 terminasset,
2680 3991 2787 4042 cle·

658 4063 817 4114 rabat
845 4063 1046 4116 auleam
1068 4068 1084 4094 ¹
1122 4079 1294 4116 scenae
1325 4071 1383 4115 et
1419 4065 1782 4130 alloquebatur
1805 4069 2050 4133 populum
2088 4069 2296 4120 dicens:
2332 4070 2438 4120 Vos
2472 4073 2658 4134 valete,
2691 4086 2783 4121 vos

657 4143 918 4208 plaudite;
948 4147 1057 4198 sive
1082 4147 1275 4197 Favete
1296 4153 1354 4195 et
1374 4145 1628 4210 plaudite.

1221 4248 1247 4293 1
1284 4243 1426 4307 Lege
1442 4243 1611 4296 auca.
1643 4243 1766 4295 vid.
1791 4244 1954 4297 Praef.
1981 4245 2158 4297 Brutis.
