3234 4934
591 349 719 417 134
1007 364 1409 417 novamus
1456 367 1555 417 nn
1603 366 1974 418 variemus
2021 348 2346 418 *reanum

1010 576 1634 667 ANTONIUS
1723 600 2368 669 GovEANUS

1170 734 1271 783 DE
1302 732 1660 783 VERSIBUS
1691 734 2200 787 TERENTIANIS.

593 886 1026 949 Tanaum-mm
1049 904 1252 946 versus
1276 894 1377 945 aut
1402 884 1634 945 iambici
1664 894 1824 959 sunt,
1846 896 1950 947 aut
1969 886 2274 947 trochaici.
2333 887 2574 947 Iambici
2599 886 2784 967 pedes

596 984 748 1042 duos
776 982 1088 1062 recipiunt,
1128 982 1386 1041 iambum
1416 992 1479 1041 et
1506 981 1874 1061 spondaeum,
1917 992 1978 1043 et
2024 982 2083 1041 in
2113 1001 2264 1061 quos
2295 981 2333 1041 ii
2361 982 2786 1052 dissolvuntur,

595 1080 793 1140 nullos
839 1087 1143 1158 proeterea.
1224 1076 1531 1137 Trochaici
1572 1077 1713 1137 item
1758 1075 1932 1149 duos„
1975 1079 2299 1139 trochoeum
2327 1091 2388 1138 et
2415 1078 2786 1159 spondaeum,

598 1189 659 1238 et
684 1177 743 1235 in
774 1194 923 1253 quos
952 1174 989 1235 ii
1020 1173 1444 1245 dissolvuntur,
1465 1171 1660 1232 nullos
1689 1182 1996 1253 praeterea.
2055 1174 2290 1235 iambici
2318 1185 2422 1235 aut
2441 1174 2789 1236 monometri

598 1282 759 1342 sunt,
804 1281 908 1331 aut
931 1268 1180 1339 dimetri,
1230 1278 1331 1327 aut
1359 1268 1625 1338 trimetri,
1671 1277 1775 1327 aut
1803 1270 2142 1331 tetrametri.
2228 1270 2582 1330 Monometri
2610 1287 2786 1330 unam

596 1364 818 1427 habent
842 1384 1197 1436 mensuram,
1226 1366 1340 1424 hoc
1365 1374 1479 1436 est,
1506 1362 1692 1443 pedes
1721 1362 1896 1436 duos,
1926 1364 2078 1424 duas
2107 1364 2358 1439 dimetri,
2385 1377 2504 1425 tres
2527 1366 2790 1439 trimetri,

597 1462 713 1524 boc
740 1472 855 1534 est,
896 1461 1081 1543 pedes
1111 1480 1238 1534 sex,
1271 1459 1432 1520 unde
1463 1479 1500 1518 a
1529 1459 1752 1520 Latinis
1782 1460 1998 1521 senarii
2027 1460 2170 1521 dicti
2201 1472 2362 1522 sunt.
2443 1463 2792 1523 Tetrarnetri

601 1568 872 1637 quatuor,
920 1556 1035 1616 boc
1082 1566 1195 1627 est,
1238 1555 1422 1636 pedes
1459 1566 1637 1617 octo:
1679 1558 1779 1636 qui
1819 1568 1880 1616 et
1907 1558 2192 1618 octonarii
2221 1578 2258 1619 a
2287 1558 2531 1632 Latinis,
2559 1569 2620 1619 et
2646 1578 2793 1638 qua-

602 1656 774 1727 drati,
802 1667 864 1715 et
888 1654 1218 1736 longissimi
1243 1654 1537 1715 dicuntur.
1623 1655 1978 1716 Monometri
2007 1665 2068 1716 et
2094 1658 2332 1717 trimetri
2353 1656 2536 1737 justae
2565 1677 2797 1737 semper

604 1761 745 1810 sunt
770 1769 1086 1823 mensurae,
1129 1762 1191 1811 et
1230 1751 1348 1811 veri
1391 1770 1624 1830 semper
1662 1751 1918 1825 iambici,
1953 1751 2070 1812 hoc
2111 1762 2224 1825 est,
2268 1752 2480 1832 pedem
2524 1751 2832 1813 ultimum·

607 1867 835 1927 semper
860 1848 1082 1909 habent
1105 1848 1381 1908 iambum.
1452 1848 1849 1909 Dimetrorum
1883 1859 1944 1909 et
1971 1858 2438 1910 tetrametrorum
2455 1848 2641 1928 justae
2667 1848 2798 1928 qui-

606 1942 738 2004 dem
768 1954 909 2005 sunt
934 1964 1249 2016 mensuras,
1290 1944 1391 2022 qui
1437 1944 1803 2005 acatalectici
1853 1956 2158 2017 vocantur,
2204 1944 2377 2024 iique.
2399 1945 2520 2004 veri
2567 1928 2797 2025 semper

609 2040 766 2120 apud
794 2041 954 2101 hunc
982 2050 1282 2101 auctorem
1314 2052 1456 2101 sunt
1481 2042 1735 2101 iambici.
1789 2041 2034 2121 Injustae
2055 2041 2298 2121 quidam
2321 2062 2611 2102 mensuroe
2640 2051 2800 2113 sunt,

608 2149 669 2195 et
712 2136 749 2196 ii
798 2157 918 2197 non
964 2156 1194 2215 semper
1234 2136 1357 2196 veri
1400 2147 1542 2197 sunt
1582 2138 1838 2212 iambici,
1880 2138 1987 2199 sed
2017 2149 2086 2198 ut
2111 2138 2422 2217 plurimum
2452 2138 2800 2219 spondaeum

610 2244 716 2291 aut
741 2232 1042 2315 dactylum
1071 2233 1278 2291 ultima
1306 2230 1444 2294 sede
1486 2234 1795 2313 recipiunt,
1839 2234 2234 2314 dicunturque
2279 2234 2620 2293 Scazontes.
2703 2233 2803 2292 In-

600 2326 785 2406 justae
810 2338 1009 2388 autem
1037 2347 1171 2388 esse
1198 2347 1403 2388 versus
1433 2346 1725 2389 mensurae
1753 2328 1942 2389 modis
1967 2329 2200 2389 duobus
2228 2328 2477 2388 accidit:
2521 2337 2626 2388 aut
2651 2328 2804 2388 enim

604 2418 1031 2503 justo‘syllaba
1056 2424 1316 2484 minores
1345 2436 1507 2499 sunt,
1534 2436 1639 2485 aut
1679 2426 1964 2504 majores:
2008 2425 2112 2497 illi,
2155 2424 2524 2492 catalectici:
2568 2423 2651 2497 hi,
2696 2424 2806 2502 hy·

611 2518 1049 2597 percatalectici
1076 2529 1217 2579 sunt
1243 2520 1548 2581 nominati.
1633 2520 1882 2581 Dimetri
1913 2532 1978 2581 ut
2005 2521 2172 2579 multi
2201 2520 2322 2581 sint
2347 2519 2696 2592 catalectici,
2723 2519 2809 2579 ita

612 2614 761 2674 nulli
812 2615 1329 2695 hypercatalectici
1375 2617 1766 2697 reperiuntur.
1869 2617 2050 2677 Nunc
2097 2617 2381 2678 trochaici
2426 2628 2530 2677 aut
2577 2615 2810 2678 dimetri

618 2720 776 2784 sunt,
804 2719 907 2771 aut
933 2714 1276 2786 tetrametri,
1304 2714 1634 2775 catalectici
1663 2734 1890 2786 omnes,
1937 2712 2030 2773 vel
2073 2712 2611 2794 hypercatalectici,
2661 2724 2722 2770 et
2768 2711 2808 2769 ii

617 2808 899 2867 octonarii
924 2828 939 2867 :
1000 2807 1147 2867 nulli
1196 2804 1486 2890 siquidem
1531 2809 1762 2870 dimetri
1810 2808 2330 2889 hypercatalectici
2375 2818 2532 2869 sunt.
2619 2806 2811 2866 Nimis

616 2904 783 2963 fuere
810 2903 1099 2983 ingeniosi
1129 2906 1228 2983 qui
1255 2905 1530 2966 denarios
1558 2925 1764 2965 versus
1793 2906 1854 2964 in
1882 2904 2155 2965 Terentio
2184 2913 2326 2964 sunt
2344 2904 2680 2989 commenti,
2710 2912 2812 2981 qui

620 3010 1017 3077 pentametros
1044 3000 1347 3075 iambicos,
1376 3003 1477 3083 qui
1505 3002 1782 3065 dimetros
1805 3002 2179 3063 redundante
2207 3000 2380 3080 pede,
2404 3000 2504 3078 qui
2531 2999 2814 3059 dimetros

620 3098 889 3169 creticoS‚
943 3098 1043 3176 qui
1088 3099 1337 3159 creticos
1366 3110 1760 3160 monometros
1789 3096 2163 3157 redundante
2187 3094 2363 3175 pede,
2408 3095 2511 3173 qui
2538 3114 2572 3154 e
2598 3095 2819 3156 cretico

624 3210 742 3249 uno
763 3210 995 3250 versum
1022 3192 1448 3267 brevissimum,
1472 3196 1572 3274 qui
1599 3194 1852 3253 creticos
1875 3193 1935 3250 in
1957 3193 2172 3271 quibus
2199 3210 2306 3271 pro
2331 3190 2549 3250 cretico
2571 3208 2815 3269 ponere·

626 3294 721 3343 tur
748 3286 1065 3359 molossus,
1092 3302 1411 3367 poneretur
1455 3299 1517 3348 et
1564 3288 1815 3358 iambus,
1858 3286 1960 3365 qui
2010 3286 2270 3345 senarios
2297 3286 2576 3345 iambicos
2603 3286 2818 3365 hyper-

624 3381 1026 3454 catalecticos,
1049 3384 1149 3463 qui
1172 3394 1436 3444 monstra
1465 3384 1569 3444 illa
1596 3403 1868 3445 versuum
1897 3402 1930 3441 e
1957 3381 2274 3441 trochaicis
2303 3392 2366 3440 et
2389 3381 2652 3440 iambicis
2675 3400 2819 3441 con-

626 3476 789 3536 flata.
878 3477 1059 3538 Porro
1089 3498 1198 3539 nec
1226 3480 1301 3539 ab
1330 3480 1595 3539 iambicis
1642 3479 1720 3538 ad
1768 3478 2123 3550 trochaicos,
2169 3496 2280 3537 nec
2323 3479 2398 3537 ab
2447 3477 2520 3536 iis
2563 3476 2638 3535 ad
2687 3477 2821 3537 illos

627 3572 840 3632 transit
868 3572 1077 3647 Poeta,
1115 3574 1225 3634 nisi
1262 3578 1423 3653 (quae
1466 3584 1637 3633 vetus
1684 3573 1988 3633 doctorum
2037 3573 2150 3631 fuit
2191 3572 2410 3651 opinio,
2455 3572 2636 3653 longo
2667 3592 2702 3631 a
2729 3593 2821 3633 me

540 3706 545 3709 -
630 3669 937 3729 intervallo
966 3672 1270 3746 renovata)
1302 3690 1393 3731 res
1414 3666 1483 3729 id
1513 3680 1617 3731 aut
1645 3670 1927 3749 postulet,
1956 3681 2058 3729 aut
2085 3680 2242 3729 certe
2271 3670 2438 3729 serat.
2508 3668 2824 3737 'Quomodo

634 3775 829 3825 autem
858 3764 919 3824 id
948 3786 1037 3825 res
1070 3776 1174 3827 aut
1201 3765 1481 3847 postulet,
1525 3779 1630 3826 aut
1656 3768 1824 3839 ferat,
1865 3765 1988 3825 suis
2016 3765 2162 3825 locis
2193 3766 2249 3826 in
2281 3766 2350 3826 iis
2380 3753 2826 3825 Commentariis

636 3859 997 3933 docebimus,
1038 3882 1188 3940 quos
1238 3862 1295 3921 in
1348 3862 1687 3922 Terentium
1733 3880 2030 3941 paramus.
2115 3862 2264 3929 Ques
2313 3862 2618 3939 poetarum
2663 3880 2826 3921 more

636 3957 811 4017 licere
840 3959 950 4017 sibi
978 3958 1159 4018 voluit
1185 3959 1493 4018 Terentius
1520 3964 1684 4037 (quse
1714 3957 1952 4038 quidem
1983 3978 2174 4037 pauca
2203 3960 2367 4030 sunt)
2401 3956 2531 4016 haec
2561 3957 2826 4017 animad-

637 4054 820 4113 verti:
850 4052 909 4112 in
938 4072 1114 4114 unam
1136 4055 1431 4115 contrahit
1453 4052 1764 4134 syllabam,
1794 4072 1984 4124 meus,
2014 4064 2176 4124 tuus,
2205 4072 2368 4125 suus,
2394 4052 2580 4123 Deus,
2611 4052 2825 4124 Deum,

646 4146 826 4221 Deos,
859 4150 1026 4225 Deae,
1054 4150 1229 4230 prior,
1260 4170 1426 4231 puer,
1451 4151 1552 4223 rei,
1580 4150 1716 4224 eho,
1745 4150 1876 4222 fuit,
1905 4170 2011 4211 ea:
2054 4150 2114 4209 in
2142 4148 2313 4218 duae,
2341 4146 2566 4219 eadem,
2594 4147 2828 4219 eodem,
