3234 4934
611 393 742 461 398
1449 409 1953 458 ARGUMENTA.-

673 565 825 617 quem
851 565 946 615 per
967 551 1081 614 ejus
1103 549 1386 600 absentiam
1409 549 1506 600 sibi
1523 551 1771 600 meretrix
1794 549 2099 600 conciliarat
2118 566 2137 612 ς
2168 547 2461 614 affimavit,
2474 565 2529 600 sa
2550 549 2651 602 uo‘n
2674 559 2808 604 ante·

675 631 914 680 daturum
949 630 1250 693 promissam
1277 629 1541 691 virginem,
1565 643 1715 693 quam
1736 629 1890 679 Thais
1912 627 2049 680 foras
2070 631 2307 680 emulum
2332 632 2636 694 pepulisset.
2702 633 2807 684 lua

675 711 857 772 igitur,
880 710 979 758 etsi
1004 717 1202 758 amaret
1225 709 1536 770 Phaedriaru,
1573 709 1862 770 cupiditate
1905 715 2079 758 tamen
2113 711 2481 773 recuperanda
2508 712 2713 774 virginis
2746 721 2802 762 et

677 791 804 839 civis
829 789 1040 849 Attice,
1069 795 1125 836 et
1142 802 1293 852 quam
1317 803 1346 835 a
1371 788 1581 850 parvula
1605 795 1662 836 ut
1685 803 1911 837 sororem
1934 787 2211 852 dilexerat,
2235 791 2466 840 excludit
2490 791 2799 843 Phaedriam.

677 871 818 920 Hinc
841 869 930 918 ine
963 868 1133 932 primo
1161 867 1432 916 irascitur:
1468 875 1584 930 post
1607 873 1830 930 accepta
1860 866 1993 916 facti
2027 869 2247 930 ratione,
2283 884 2314 917 a
2340 869 2541 921 'l'haide
2574 871 2797 923 lenitur:

675 959 732 999 et
754 949 808 998 in
829 946 972 998 bidui
995 946 1220 1011 spatium
1254 957 1442 1008 sponte
1465 947 1757 995 concedens
1778 947 1950 1010 minti,
1974 961 2060 996 rus
2084 947 2465 1012 proficisciturz
2502 951 2801 1016 statimque.

675 1045 740 1080 ue
757 1029 824 1080 ab
845 1028 1028 1078 aemuio
1048 1025 1348 1078 muneribus
1369 1033 1723 1090 superaretur,
1745 1027 2049 1076 Eunuchum
2070 1033 2127 1077 et
2147 1029 2374 1092 pueliam
2396 1027 2709 1082 Parmenioni
2716 1033 2803 1096 ju-

676 1110 768 1160 bet
789 1109 970 1160 abiens
989 1108 1056 1158 ad
1085 1107 1340 1156 Thaidem
1364 1105 1645 1157 deducere.
1710 1108 1903 1156 Verum
1926 1108 2143 1157 Chaerea
2178 1107 2342 1158 frater
2380 1109 2635 1160 Phaedriae
2676 1119 2801 1164 tunc

678 1190 924 1254 ephebus,
939 1190 1047 1238 visa
1071 1189 1122 1237 in
1144 1188 1225 1236 vla
1248 1188 1468 1248 virgine,
1487 1185 1829 1235 inflammatur
1851 1201 2025 1236 amore
2048 1187 2195 1250 ἠως
2227 1195 2383 1254 atque
2422 1203 2484 1239 eo
2515 1192 2682 1241 evasit
2716 1207 2802 1240 ve-

677 1271 904 1320 hementi
927 1269 1130 1331 ardore,
1156 1273 1214 1318 ut
1239 1281 1332 1331 pro
1359 1268 1606 1316 Eunucho
1629 1267 1740 1331 ipse
1762 1267 2107 1318 deduceretur
2143 1263 2209 1317 ad
2245 1269 2509 1322 Thaidem.
2578 1271 2694 1321 Hac
2718 1286 2805 1322 oc·

679 1350 886 1400 easioue
911 1349 1093 1398 vitiata
1115 1348 1279 1412 virgo,
1299 1353 1356 1396 et
1378 1357 1494 1396 mox
1518 1345 1665 1408 civis,
1698 1353 1755 1396 et
1776 1347 1959 1398 nobilis
1978 1347 2206 1410 cognita,
2228 1347 2380 1397 datur
2404 1363 2535 1398 uxor
2558 1349 2803 1400 Chaereae.

633 1435 644 1444 '
677 1431 921 1481 Pha-dria
949 1443 1072 1479 vero
1110 1437 1168 1478 et
1198 1427 1345 1476 miles
1383 1426 1586 1484 rivales,
1628 1426 1780 1477 ambo
1814 1424 2100 1476 concordes
2139 1439 2237 1490 per
2274 1427 2554 1490 parasitum
2594 1427 2807 1492 redditi,

679 1509 935 1562 communi
958 1509 1124 1560 amica
1145 1509 1258 1558 sine
1275 1509 1564 1557 certamine
1585 1507 1877 1571 potiuntur.
1942 1507 2007 1556 In
2030 1506 2196 1570 primo
2220 1512 2342 1556 actu
2364 1505 2609 1558 Phoedriu
2628 1509 2805 1560 exclu-

677 1605 768 1642 sus
789 1606 819 1640 e
833 1589 1049 1654 Thaide,
1071 1596 1127 1640 et
1147 1602 1318 1640 secum
1341 1587 1522 1652 primo,
1555 1596 1614 1637 et
1642 1600 1763 1636 mox
1784 1601 1903 1636 cum
1924 1586 2248 1637 Parmenone
2270 1587 2604 1652 conqueritur
2641 1586 2807 1638 fortu-

675 1685 770 1722 nas
792 1684 948 1720 suast
983 1676 1039 1720 et
1061 1668 1124 1718 ad
1151 1673 1460 1732 postremum
1480 1681 1649 1718 coram
1674 1675 1884 1718 accusat
1904 1666 2169 1716 Thaidem.
2238 1666 2435 1716 Rursus
2458 1669 2807 1731 permulcetur

679 1752 747 1802 ab
769 1751 970 1814 eadem,
992 1757 1048 1799 et
1071 1750 1336 1798 voluntate
1355 1746 1671 1812 digrediens,
1689 1760 1776 1796 rus
1805 1761 1922 1796 sese
1944 1761 2310 1796 concessurum
2333 1747 2386 1796 in
2412 1748 2637 1810 spatium
2662 1747 2807 1802 bidui

683 1846 797 1882 esse
819 1831 1093 1896 promittit.
1161 1829 1432 1879 Secundus
1467 1836 1637 1891 actus,
1677 1825 2053 1893 profectionem
2092 1827 2349 1878 Phaedriae
2384 1827 2636 1891 continet,
2668 1814 2807 1878 dele·

682 1911 852 1974 gantis
873 1924 1024 1960 servo
1045 1908 1412 1958 deductionem
1437 1907 1673 1958 Eunuchi
1695 1917 1751 1958 et
1771 1908 1957 1972 pueiloe
1982 1907 2047 1956 ad
2069 1906 2355 1967 Thaidem3
2392 1913 2501 1956 tum
2526 1907 2805 1971 parasitum

679 1992 998 2057 loquentem,
1019 2002 1114 2054 per
1131 2001 1284 2053 quem
1304 1989 1449 2051 virgo
1469 2003 1503 2037 a
1523 1988 1689 2038 milite
1708 1987 1845 2038 dono
1875 1988 2053 2037 auricae
2080 1987 2374 2047 missa-esu
2408 1993 2519 2036 tum
2546 1988 2809 2038 interven·

681 2079 790 2124 tum
816 2071 1047 2122 Chaereoe
1071 2070 1293 2122 amantis
1315 2069 1586 2134 virginem,
1607 2069 1943 2134 ejusdemque
1960 2082 2079 2118 cum
2102 2068 2429 2118 Parmenone
2449 2067 2718 2134 consiiinm
2738 2068 2809 2118 de

681 2151 863 2202 eadem
889 2151 1130 2216 potienda
1153 2163 1248 2214 per
1273 2147 1565 2200 fallaciam:
1601 2149 1726 2213 quia
1744 2162 1841 2212 pro
1875 2149 2124 2197 Eunucho
2144 2148 2257 2211 ipse
2275 2147 2582 2218 supponitur
2602 2147 2805 2200 Thaidi.

680 2231 887 2280 Tertius
905 2238 1052 2280 actua
1074 2231 1428 2279 characterem
1453 2228 1696 2290 exprimit
1719 2227 1897 2276 militis
1920 2234 1975 2278 et
1998 2227 2210 2290 parasiti
2233 2241 2329 2291 per
2362 2226 2630 2277 ridiculum
2654 2229 2811 2277 collo·

683 2312 888 2376 quium:
924 2316 1032 2359 tum
1067 2308 1422 2358 invitationem
1454 2306 1519 2355 ad
1546 2321 1745 2355 coenarn
1782 2307 2018 2356 Thaidis:
2054 2312 2161 2355 tum
2200 2305 2512 2356 oblationem
2548 2308 2815 2372 velutEu·

682 2391 838 2440 nuchi
860 2391 1090 2441 Chaereae
1113 2393 1170 2437 et
1200 2387 1386 2450 puellae
1407 2400 1473 2434 ex
1492 2383 1757 2450 AEthiopia
1778 2399 1871 2449 per
1890 2386 2269 2435 Parmenonem
2296 2384 2524 2436 factam:
2560 2394 2667 2438 tum
2700 2403 2813 2437 ver·

682 2470 754 2520 ba
773 2469 1064 2521 Chremetis
1083 2468 1152 2516 ad
1181 2465 1426 2516 Thaidem
1448 2467 1725 2530 venientis,
1764 2466 2107 2532 perductique
2128 2467 2195 2516 ad
2218 2467 2433 2518 militem
2452 2483 2467 2516 z
2506 2467 2813 2532 Antiphonis

685 2551 1018 2612 curer-eaque
1041 2547 1346 2612 colloquium
1365 2546 1434 2596 de
1455 2547 1636 2597 vitiata
1657 2535 1753 2610 per
1772 2546 1947 2596 dolum
1972 2546 2192 2610 virgine.
2259 2545 2323 2596 Iu
2344 2554 2530 2612 quarto
2562 2555 2683 2598 actu
2706 2548 2810 2598 Do·

681 2631 788 2678 rias
805 2629 1007 2678 nuntiat
1019 2627 1249 2692 jurgium
1267 2627 1403 2676 inter
1425 2627 1639 2676 militem
1662 2635 1720 2677 et
1735 2626 1983 2676 Thaidem
2004 2643 2018 2677 ι
2052 2633 2162 2676 tum
2182 2625 2405 2676 reditum
2422 2627 2582 2678 habet
2602 2642 2666 2678 ex
2688 2627 2812 2676 vilia

685 2707 966 2768 Phaedriae,
989 2714 1045 2755 et
1059 2707 1320 2770 querelam
1344 2705 1544 2769 Pythian
1569 2705 1635 2754 de
1656 2706 1839 2756 vitiata
1862 2707 2059 2770 virgine
2082 2705 2222 2769 apud
2248 2705 2569 2757 Phaedriam:
2608 2715 2662 2756 et
2685 2720 2809 2756 eun·

685 2787 805 2836 dem
838 2791 1134 2848 stupentem
1155 2784 1292 2850 quod
1315 2783 1596 2834 audiebatz
1630 2798 1857 2835 errorem
1882 2785 2011 2834 ebrii
2036 2786 2351 2836 Chremetis:
2379 2794 2437 2836 et
2467 2785 2627 2836 verba
2660 2793 2811 2848 petu-

683 2866 853 2917 lantia
881 2864 1100 2914 Thaidis
1135 2864 1407 2914 adversum
1443 2863 1681 2925 militem,
1718 2864 1785 2914 et'
1810 2864 1989 2912 militis
2022 2864 2293 2914 adversum
2314 2862 2592 2914 'l‘haidemz
2630 2871 2812 2927 parata

684 2947 886 3011 prelia,
909 2944 1227 3008 ridiculeque
1250 2942 1502 3006 deposita.
1549 2945 1773 2996 Quintus
1798 2953 1945 2994 actus
1964 2945 2077 2995 hac
2090 2946 2353 2995 continct=
2378 2945 2641 3008 quereiam
2660 2945 2814 2994 Thai·

685 3027 764 3076 dis
785 3027 852 3075 de
885 3025 1067 3075 vitiata
1087 3024 1304 3088 virgine,
1328 3024 1494 3088 primo
1515 3039 1633 3074 cnm
1658 3025 1869 3090 Pythia,
1906 3035 2089 3089 postea
2122 3040 2240 3075 cum
2274 3025 2389 3088 ipso
2410 3024 2662 3075 Chaerea:
2700 3032 2808 3075 tum

683 3109 1034 3157 interventum
1066 3104 1358 3154 Chremetis
1401 3112 1557 3170 atque
1593 3107 1840 3157 nutricis:
1877 3115 1984 3156 tum
2011 3104 2447 3169 perturbationem
2470 3104 2809 3154 Parmenonis

687 3199 784 3247 per
804 3185 978 3233 dolum
1012 3184 1249 3248 Pythioe;
1285 3193 1444 3249 atque
1477 3186 1586 3250 ejus
1619 3186 1815 3235 indicio
1840 3200 1933 3250 per
1951 3199 2148 3246 senem,
2180 3185 2267 3249 qui
2299 3198 2417 3233 rure
2441 3190 2566 3233 tuuc
2590 3183 2809 3232 advene-

689 3270 790 3324 rat,
813 3263 1138 3313 continuatas
1163 3265 1399 3327 nuptias:
1437 3270 1494 3316 et
1519 3265 1584 3316 ed
1611 3267 1847 3316 ultimum
1888 3265 2108 3316 reditum
2144 3265 2197 3314 iu
2234 3263 2451 3329 gratiam
2482 3263 2663 3314 miiitis
2694 3277 2809 3313 cum

689 3350 931 3402 Phoedria
954 3359 1007 3400 et
1031 3351 1264 3402 Choerea.

973 3725 1374 3774 Exposrmo
1419 3726 1684 3774 ‘rtrum
1730 3727 1885 3776 CUM
1936 3724 2472 3779 ARGUuBNTO.¹

627 3875 784 3927 Aera
803 3874 938 3924 ludis
957 3875 1362 3940 Megalensibus.
1410 3875 1497 3926 Ita
1516 3887 1600 3925 est
1609 3875 1949 3940 jungendum.
2002 3875 2142 3927 Acta
2160 3886 2261 3942 est,
2283 3879 2503 3928 recitata
2522 3885 2603 3928 est
2620 3877 2813 3928 Groeca

689 3957 886 4006 Pabula
917 3957 1196 4007 Menandri
1236 3958 1304 4007 de
1335 3958 1590 4014 eunucho,
1624 3957 1803 4019 Lucio,
1840 3959 2129 4018 Postumio,
2166 3958 2374 4016 Albino,
2406 3957 2665 4018 Cornelio,
2696 3955 2811 4006 Me·

641 4075 650 4084 .
689 4038 802 4091 ruia
825 4037 1058 4088 edilibus
1079 4038 1360 4089 curulibus.
1421 4037 1616 4088 AEdiles
1637 4038 1863 4102 curules,
1890 4040 1977 4105 qui
1996 4045 2149 4090 erant
2168 4039 2309 4102 apud
2331 4040 2604 4101 Romanos,
2636 4036 2812 4100 magui

1005 4209 1034 4254 1
1071 4204 1205 4256 Hae
1235 4206 1550 4257 extraximus
1574 4206 1641 4256 ab
1660 4205 1904 4258 Editione
1926 4209 2233 4272 Brnnsiana,
2255 4223 2305 4272 p.
2331 4213 2441 4259 15⁸.
