3234 4934
635 392 768 459 226
1365 400 1838 455 rnauciscus
1886 399 2093 451 nane

794 550 950 609 fores
1301 545 1441 605 viris
1690 544 1833 605 hero
2020 541 2187 604 dabit
2436 540 2656 605 cedens

789 644 952 704 idem
1304 642 1479 701 bonis
1692 640 1901 699 herum
2019 637 2149 697 dari
2436 650 2565 699 erat

795 738 908 798 levi
1309 737 1498 795 bonae
1699 752 1881 794 senex
2016 732 2183 793 dolet
2436 743 2609 794 erant

795 852 1034 893 manum
1313 832 1502 891 bonos
1703 848 1869 890 soror
2026 828 2205 889 habet
2440 831 2557 889 erit

792 947 1002 988 manus
1025 927 1230 1008 (plur.)
1306 925 1477 985 malin
1702 941 1847 983 uxor
2021 924 2244 985 habent
2438 926 2594 986 foret

797 1023 974 1083 miser
1309 1022 1495 1081 malos
1710 1018 1807 1079 abi
2026 1019 2224 1079 solent
2448 1020 2617 1082 abest

797 1119 983 1177 minas
1316 1114 1475 1176 domi
1708 1114 1897 1175 cave⁶
2022 1114 2227 1176 studet
2445 1125 2617 1196 potes

795 1212 974 1272 modo
1306 1209 1484 1269 domo
1706 1228 1881 1270 mane
2026 1209 2269 1271 student
2446 1220 2653 1289 potest

797 1326 935 1367 aves
959 1306 980 1342 ⁵
1311 1303 1548 1365 domum
1706 1320 1863 1382 nega
2019 1312 2181 1365 tacet
2444 1305 2621 1365 velim

797 1422 938 1463 oves
1309 1420 1454 1479 puer
1709 1418 1856 1477 roga
2024 1408 2189 1460 taces
2448 1401 2597 1461 velis

797 1500 978 1558 boves
1310 1504 1478 1574 pater
1713 1504 1847 1554 tace
2027 1504 2231 1555 tacens
2454 1495 2640 1555 velint

799 1610 968 1653 novae
1308 1588 1492 1669 patris
1713 1588 1847 1650 vide
2020 1588 2187 1650 vides
2456 1591 2665 1651 volunt

789 1705 958 1749 ,novo
1313 1684 1468 1764 patri
1718 1693 1882 1743 amat
2026 1683 2204 1745 viden
2454 1686 2619 1745 lubet

799 1798 1017 1840 novum
1314 1778 1494 1837 herus
1720 1776 1863 1837 dedi
2032 1778 2197 1839 videt
2456 1778 2597 1840 licet

808 1875 962 1935 dolis
1321 1871 1448 1932 heri
1722 1872 1891 1933 dedit
2038 1872 2249 1936 lubens

721 2027 968 2099 Quarto,
997 2025 1057 2085 in
1085 2022 1473 2105 polysyllabis
1500 2023 1869 2105 compositis,
1919 2024 1969 2085 si
1996 2023 2187 2104 prima
2214 2024 2443 2107 syllaba
2472 2043 2829 2107 componens

638 2121 832 2181 brevis
863 2130 957 2181 est
984 2128 1152 2180 extra
1176 2117 1686 2197 compositionem,
1712 2118 1774 2177 in
1802 2120 2225 2199 compositione
2248 2140 2481 2199 quoque
2508 2121 2833 2201 saepissime

640 2216 850 2295 corripi
897 2214 1105 2287 solere,
1157 2212 1348 2292 (quod
1399 2211 1476 2272 de
1523 2212 1947 2293 monosyllabis
1976 2214 2138 2292 prius
2185 2215 2509 2287 observavi,
2552 2218 2835 2296 quodque

639 2310 798 2371 valet
823 2308 1003 2370 etiam
1031 2308 1093 2367 in
1119 2306 1459 2386 compositis
1475 2306 1574 2379 ab,
1601 2317 1759 2380 ante,
1787 2319 1849 2367 et
1873 2306 2073 2381 inter,)
2089 2308 2358 2388 exempla
2382 2309 2535 2385 hoec,
2562 2332 2639 2372 ne
2663 2312 2835 2393 plura

643 2422 978 2484 congeram,
1006 2400 1351 2463 ostendunt.

799 2546 1042 2606 advenis
1321 2562 1560 2607 arcesso
1832 2544 2079 2607 interest
2339 2548 2717 2630 indiligenter

799 2641 1032 2701 abduco
1315 2648 1610 2719 cognatus
1827 2641 2237 2703 interminatus
2340 2643 2645 2723 ingenium

801 2734 1058 2796 absurde
1321 2736 1626 2814 colloquor
1826 2736 2077 2815 ignavus
2338 2741 2568 2820 integer

801 2829 1012 2891 adsitis
1322 2828 1698 2891 commodare
1835 2830 2045 2909 ignoro
2341 2835 2563 2895 invidia

799 2924 1046 2985 advenis
1071 2924 1286 3001 (verb.)
1318 2923 1532 2986 incedo
1832 2922 2093 3005 impingo
2342 2928 2591 2988 inveniri

801 3020 1010 3080 affines
1317 3020 1556 3101 incepto
1834 3018 2102 3099 intelligo
2344 3024 2579 3085 oblecto

801 3114 1018 3176 ancilla
1319 3112 1576 3175 incertus
1829 3115 2057 3193 impero
2344 3120 2591 3178 obsecro

803 3208 1054 3267 antehac
1319 3206 1594 3284 indignus
1654 3282 1666 3294 ·
1830 3206 2139 3287 imperium
2340 3214 2610 3272 occultus

799 3302 1076 3378 antiquus
1319 3300 1552 3360 interim
1831 3300 2172 3381 imprudens
2341 3306 2613 3365 ostendo.

725 3446 969 3515 Quinto,
1013 3462 1147 3520 quae
1176 3452 1466 3501 acuuntur
1511 3443 1572 3501 in
1601 3443 1773 3505 tertia
1822 3446 1898 3505 ab
1946 3454 2230 3521 extrema,
2271 3446 2564 3509 interdum
2594 3461 2829 3512 acutam

642 3540 983 3617 corripiunt,
1013 3538 1062 3597 si
1087 3536 1378 3616 positione
1405 3539 1536 3598 sola
1559 3538 1743 3618 longa
1770 3540 1909 3615 sint,
1938 3550 2024 3615 nt,
2052 3543 2292 3622 optime,
2334 3544 2600 3617 servitus»,
2625 3541 2831 3626 pervess·

641 3636 764 3703 lim,
793 3630 1156 3711 Pamphilus,
1183 3642 1245 3692 et
1263 3652 1456 3713 pauca
1481 3634 1617 3708 alia,
1658 3656 1779 3714 quo
1806 3638 2007 3698 cretici
2032 3648 2337 3701 mutantur
2362 3642 2423 3699 in
2468 3654 2829 3722 anapaestos.

645 3732 809 3794 Idem
835 3730 1058 3789 factum
1087 3739 1180 3789 est
1209 3730 1290 3803 in,
1319 3730 1681 3811 neutiquam,
1703 3733 1845 3795 licet
1869 3734 2114 3815 incipiat
2140 3755 2179 3796 a
2204 3734 2605 3819 diphthongo:
2648 3740 2829 3800 inter·

709 3962 740 4005 6
773 3954 924 4019 Am]
970 3957 1020 4005 V
1055 3956 1132 4019 in,
1161 3971 1306 4022 aveo,
1341 3966 1399 4010 et
1433 3960 1700 4025 similibus,
1843 3969 1877 4015 6
1912 3966 2061 4030 cm]
2093 3964 2398 4031 lumento,
2418 3970 2595 4029 etlam.
2612 3975 2824 4036 negato,

645 4033 854 4083 videtur
893 4035 950 4085 in
993 4034 1222 4085 vocalem
1265 4038 1415 4101 verti,
1451 4044 1508 4087 et
1544 4052 1698 4089 voce·
1778 4046 1836 4090 et
1868 4050 2055 4107 rogato
2092 4040 2315 4095 Plautus
2356 4048 2632 4099 secundnm
2666 4047 2825 4098 corri-

645 4110 862 4170 proinde
900 4125 997 4176 pro
1037 4114 1396 4177 monosyllabis
1433 4114 1695 4165 habendas
1776 4117 1875 4182 pit.

647 4196 781 4233 esne.
