3234 4934
895 396 993 443 ns
1040 393 1378 443 sartoris
1426 393 1665 443 nanu
1714 396 2216 445 ‘rensuum-11.
2485 384 2614 449 197

456 532 577 595 Pro
595 554 704 615 pec
741 534 754 616 Ι
787 543 924 597 cato
958 535 972 615 Ι
1005 554 1224 615 magno
1257 534 1272 616 Ι
1305 537 1546 617 paulum
1583 536 1596 618 Ι
1633 537 1884 617 supplici
1918 540 1930 619 Ι
1966 539 1985 597 i
2014 541 2160 600 satis
2197 540 2209 619 Ι
2242 552 2335 601 est
2358 561 2437 620 pa
2472 550 2484 622 Ι
2517 545 2609 602 tri.

419 671 562 755 Loci
590 670 792 751 reliqui
831 671 1177 747 tribrachos,
1207 672 1547 750 spondaeos,
1577 673 1867 755 dacty108,
1899 661 2237 755 anapaestos
2266 677 2608 753 admittunt,

417 767 613 827 iambo
639 786 870 847 semper
894 766 1162 842 excluso,
1199 768 1302 847 qui
1351 788 1657 847 nunquam
1702 772 2064 833 trochaicum
2113 774 2439 853 ingreditur
2483 795 2609 835 car·

417 882 576 937 men,
617 864 702 924 uti
727 884 840 945 nec
865 864 1164 925 trochaeus
1196 864 1530 923 iambicum.
1612 864 1743 927 Nec
1772 876 1967 928 tamen
1998 880 2227 929 tantum
2250 871 2495 931 interest
2518 873 2610 931 in-

417 968 518 1019 ter
531 960 889 1021 trochaicum
909 970 974 1021 et
995 960 1306 1021 iambicum
1332 980 1588 1034 versum,
1638 962 1805 1041 quin,
1835 964 1937 1043 qui
1967 985 2124 1026 nunc
2153 966 2487 1033 trochaicus
2516 977 2609 1027 est

416 1056 824 1132 catalecticus,
870 1057 1068 1139 possit
1114 1056 1294 1118 modo
1341 1057 1464 1118 fieri
1509 1058 1799 1119 iambicus
1845 1059 2229 1135 acatalectus,
2276 1062 2327 1121 si
2372 1063 2608 1123 unicam

417 1150 709 1215 duntaxat
735 1153 1022 1234 syllabam
1051 1154 1216 1215 initio
1241 1173 1589 1235 praeponas:
1619 1166 1723 1215 ut:

501 1299 791 1379 C'rcmsaci
823 1298 834 1381 Ι
870 1320 955 1361 ειη
975 1301 1106 1363 vide
1140 1300 1152 1383 Ι
1185 1319 1252 1363 ω
1275 1304 1335 1361 οἱ
1367 1300 1380 1381 Ι
1416 1301 1594 1363 delur
1625 1300 1637 1381 Ι
1671 1320 1787 1363 esse
1820 1299 1833 1382 Ι
1865 1306 2077 1381 quanti
2109 1302 2121 1385 Ι
2155 1305 2242 1364 vis
2260 1324 2373 1383 pre
2405 1305 2417 1386 Ι
2450 1308 2525 1365 σι’.

415 1436 778 1501 Trochaicus
807 1447 940 1505 est:
983 1439 1090 1499 sed
1116 1438 1168 1499 si
1195 1438 1401 1518 legas:

476 1554 617 1627 Qui,
645 1572 774 1614 cum
804 1551 819 1632 Ι
834 1552 1058 1630 facim
1091 1551 1104 1633 Ι
1137 1552 1334 1614 videas
1366 1550 1380 1632 Ι
1413 1552 1540 1613 vide
1575 1550 1585 1633 Ι
1620 1557 1726 1612 ων
1751 1572 1811 1612 cs
1845 1552 1856 1631 Ι
1890 1572 1949 1612 se
1974 1571 2130 1631 quan
2166 1551 2177 1634 Ι
2212 1556 2352 1613 tivit
2384 1552 2395 1633 Ι
2424 1558 2611 1633 preci,

415 1690 485 1750 fit
529 1690 812 1751 iambicus
863 1689 1261 1760 acatalectus3
1304 1689 1420 1751 hoc
1459 1691 1614 1751 enim
1662 1692 1841 1751 modo
1870 1711 2064 1771 neque
2092 1691 2251 1751 hunc
2280 1691 2606 1771 ingreditur

411 1785 734 1863 trochaeus,
773 1806 965 1867 neque
1006 1787 1172 1847 illum
1219 1788 1468 1847 iambus,
1551 1787 1709 1849 Hinc
1757 1788 1935 1847 etiam
1981 1806 2141 1869 saepe
2182 1789 2250 1847 fit
2276 1799 2343 1847 ut
2369 1800 2607 1867 propter

415 1882 704 1963 syllabam
742 1882 1000 1963 aliquam
1046 1902 1418 1944 communem
1462 1882 1620 1943 idem
1664 1902 1869 1943 versus
1910 1884 2102 1964 possit
2144 1883 2463 1963 aliquando
2510 1886 2603 1945 vel

412 1979 710 2041 trochaice
734 1979 828 2039 vel
855 1978 1102 2039 iambice
1129 1979 1452 2039 mensurari
1476 2001 1491 2039 :
1533 1989 1635 2039 ut:

577 2106 732 2180 Eho,
755 2126 878 2167 non
905 2116 970 2167 tu
997 2106 1144 2169 dixti
1171 2126 1304 2169 esse
1332 2108 1484 2167 inter
1507 2126 1608 2169 eos
1638 2107 1989 2180 inimicitias,
2016 2108 2341 2171 carnufex?

414 2254 549 2296 cum
579 2236 733 2297 enim
759 2235 966 2296 ultima
993 2235 1074 2308 in,
1119 2234 1268 2309 Eho,
1315 2238 1393 2297 sit
1430 2236 1645 2308 brevis,
1690 2236 2025 2297 trochaicus
2053 2248 2147 2297 est
2172 2256 2417 2305 versus:
2463 2247 2525 2297 at
2551 2234 2605 2297 si

413 2332 508 2393 vel
535 2332 774 2411 longam
800 2332 1008 2406 facias,
1047 2332 1144 2392 vel
1172 2352 1366 2393 nonne
1392 2352 1500 2414 pro
1527 2353 1645 2393 non
1671 2334 1860 2412 legas,
1898 2354 1932 2393 e
1958 2333 2255 2393 trochaico
2282 2334 2477 2393 statim
2505 2335 2608 2394 fiet

413 2428 698 2488 iambicus
747 2429 960 2487 acatal.
1011 2438 1074 2487 et
1117 2438 1432 2508 propterea
1476 2427 1762 2489 trochaici
1811 2448 1848 2488 a
1894 2428 2196 2490 nonnullis
2237 2428 2607 2509 appellantur

415 2521 652 2581 iambici
679 2524 754 2581 ab
782 2521 949 2582 initio
969 2524 1334 2585 catalectici:
1363 2523 1525 2604 quod
1555 2524 1904 2584 Aristoteles
1932 2525 2107 2584 etiam
2134 2525 2327 2585 facere
2358 2524 2605 2597 videtur,

417 2619 517 2679 ubi
541 2619 702 2681 hunc
730 2640 962 2681 versum
991 2641 1064 2681 ex
1094 2622 1302 2681 iambis
1333 2621 1675 2683 Archilochi
1703 2622 1868 2695 citat,
1892 2620 2070 2683 Rhet.
2100 2621 2143 2681 l.
2173 2608 2282 2681 11‘1.
2312 2640 2366 2681 c.
2402 2624 2494 2680 17.

655 2748 970 2831 Χρημάτων
991 2748 1040 2808 δ’
1065 2751 1319 2810 ἄελπτον
1343 2750 1508 2807 οὐθέν
1535 2750 1691 2808 ἐστιν
1717 2747 1831 2808 οὐδ’
1853 2751 2170 2829 ἀπώμοτον.

414 2878 614 2956 Atque
642 2878 852 2939 exinde
879 2878 1096 2939 nemini
1123 2880 1334 2939 mirum
1361 2877 1546 2939 videri
1577 2876 1775 2949 debet,
1816 2878 1867 2935 si
1905 2877 2239 2938 trochaicos
2283 2897 2417 2937 cum
2461 2877 2607 2939 iam-

415 2971 567 3034 bicis
593 2974 654 3031 in
685 2971 894 3033 eadem
925 2990 1104 3033 scena
1131 2992 1292 3051 saepe
1320 2972 1528 3030 mistos
1556 2969 1777 3043 videat,
1816 2990 1952 3031 cum
1981 2972 2056 3033 ab
2079 2971 2173 3031 his
2201 2971 2278 3032 ad
2322 2971 2456 3032 illos
2484 2982 2605 3032 tam

418 3067 604 3128 facilis
633 3069 713 3128 sit
733 3068 1038 3128 transitus.

501 3164 840 3225 Trochaicis
869 3163 1208 3225 acatalectis
1237 3162 1469 3241 parcius
1515 3159 1602 3220 uti
1648 3161 1899 3233 videtur,
1940 3170 2118 3240 atque
2164 3161 2244 3222 ibi
2281 3159 2471 3220 solum
2511 3162 2609 3221 ubi

416 3260 636 3321 fabulae
662 3273 860 3340 partes
888 3260 1240 3321 turbatiores
1269 3269 1545 3339 aguntur,
1574 3260 1661 3319 ita
1684 3267 1755 3318 ut
1780 3258 1877 3317 vix
1899 3276 2203 3318 numerum
2226 3256 2442 3317 sentire
2467 3276 2609 3337 pos-

419 3356 539 3417 sis:
583 3368 668 3430 ut,
695 3357 937 3417 Phorm.
969 3376 1015 3416 1.
1047 3358 1105 3415 3.
1142 3358 1197 3415 1.

501 3484 736 3545 Adeon’
761 3505 882 3547 rem
905 3484 1150 3557 redisse,
1178 3494 1246 3545 ut
1272 3485 1372 3564 qui
1398 3484 1540 3546 mibi
1566 3487 1903 3547 consultum
1930 3494 2172 3567 optume
2199 3484 2340 3544 velit
2367 3502 2533 3544 esse:

423 3622 486 3674 et
509 3612 570 3673 in
598 3613 668 3671 iis
695 3614 840 3692 ipsis
863 3614 1015 3674 locis
1041 3615 1230 3677 multo
1256 3616 1462 3697 majori
1490 3636 1729 3679 numero
1756 3612 2233 3675 catalecticorum
2256 3632 2486 3694 semper
2509 3615 2616 3675 im·

422 3708 768 3769 miscentur.
851 3708 930 3767 Et
969 3719 1128 3770 certe
1163 3711 1506 3771 felicissima
1539 3712 1762 3793 ubique
1790 3720 1915 3771 arte
1942 3708 2005 3771 id
2031 3711 2155 3789 agit
2179 3709 2388 3782 Poeta,
2430 3721 2499 3769 ut
2522 3730 2617 3770 re-

423 3824 553 3869 rum
601 3823 740 3883 quse
789 3812 1049 3881 aguntur
1096 3807 1394 3866 turbatam
1439 3808 1532 3867 vel
1580 3806 1959 3886 tranquillam
2007 3806 2293 3866 rationem
2340 3806 2613 3867 carminis

423 3900 602 3961 etiam
630 3898 780 3960 ratio
807 3897 1059 3959 confusa
1085 3899 1178 3961 vel
1207 3898 1484 3978 expedita
1511 3920 1738 3980 semper
1765 3900 2092 3980 exprimat:
2133 3900 2297 3980 quod
2324 3901 2500 3961 etiam
2526 3900 2617 3959 fa-

421 3996 507 4055 cit
533 4004 602 4055 ut
625 3992 936 4074 plurimum
967 3993 1286 4073 voluptatis
1314 3995 1388 4057 iis
1415 4016 1657 4078 prorsus
1697 4005 1924 4076 pereat,
1962 3997 2065 4075 qui
2106 3996 2183 4056 acl
2224 3996 2383 4055 hunc
2410 4004 2613 4055 aucto·-

423 4110 544 4152 rem
575 4089 894 4169 legendum
924 4092 1198 4170 neglecta
1223 4092 1318 4152 vel
1365 4111 1488 4152 non
1527 4091 1834 4154 intellecta
1858 4092 2029 4151 metri
2053 4092 2277 4151 ratione
2303 4090 2617 4153 accedunt.

507 4186 886 4247 Tetrametris
913 4204 1338 4267 nonnunquam
1366 4188 1729 4249 interseritur
1750 4188 1996 4247 dimeter
2022 4186 2305 4246 iambicus
2332 4206 2348 4246 :
2391 4197 2477 4259 ut,
