3234 4934
1164 386 1263 435 nn
1306 383 1589 431 samnis
1637 380 1972 431 oomnis.
2535 368 2664 433 123

554 522 723 585 Idem
746 524 999 585 Sisenna
1040 525 1102 584 in
1130 522 1439 585 Aulularia
1465 525 1593 585 sic:
1653 524 1804 585 Haec
1847 539 2031 582 scena
2077 521 2441 600 anapaestico
2475 536 2664 583 metro

480 630 594 691 est,
622 618 730 679 sed
754 620 999 680 concisa
1022 631 1183 692 sunt,
1210 632 1279 679 ut
1307 639 1425 678 non
1450 618 1768 698 intelligas-

552 715 717 775 Juba
741 715 799 775 in
831 716 981 776 libro
1010 726 1227 796 quarto
1254 717 1341 777 sic
1366 716 1550 776 dicit:
1609 716 1944 775 lamborum
1977 715 2175 792 itaque
2217 712 2486 791 exempla
2528 732 2664 791 ques

474 813 727 873 maxime
770 814 1145 892 frequentata
1194 822 1333 872 sunt
1360 810 1641 873 subdidi:
1682 817 1858 889 πάτερ
1896 810 2212 885 Λυκάμβα,
2237 816 2402 868 ποῖον
2443 809 2676 887 ἐφράσω“

475 906 623 967 τόδε.
692 906 918 969 Δαναὸς
960 912 993 968 ὁ
1037 911 1381 979 πεντήκοντα
1424 912 1746 984 θυγατέρων
1783 914 1984 984 πατήρ.
2029 908 2199 987 ξανθῇ
2245 908 2467 985 παλαιῇ
2509 904 2664 979 γρηῒ,

476 1009 759 1090 πολλῇσιν
782 1010 941 1089 φίλῃ.
968 1004 1077 1066 οἵδ’
1121 1007 1229 1067 ὑπὸ
1274 1008 1386 1081 γὰρ
1426 1008 1583 1084 ὑμῶν
1609 1005 1896 1081 παρετάθη
1921 1005 2011 1061 καὶ
2054 1001 2413 1083 Περικλέους.
2443 1000 2664 1079 ἱμάτιον

474 1102 659 1179 ἐφόρει
709 1104 970 1180 μαλακὸν
997 1104 1160 1180 ἐρίων
1184 1102 1504 1162 Σικελικῶν.
1532 1099 1662 1161 τόδε
1689 1100 2162 1179 προσκεφάλαιον,
2189 1102 2384 1178 φησὶν,
2425 1101 2546 1177 ἅμα
2573 1100 2664 1155 σοὶ

472 1195 781 1275 βούλομαι.

634 1340 851 1401 Videre
878 1360 999 1401 non
1026 1340 1155 1399 vult
1184 1339 1435 1399 Coelium
1462 1338 1791 1399 Panaetius.

635 1435 860 1495 Misera
885 1436 1109 1495 marino
1138 1454 1271 1513 quae
1298 1434 1525 1494 tumida
1553 1432 1771 1495 littore.

635 1529 837 1590 Valles
867 1550 970 1611 per
997 1531 1145 1591 imas
1175 1550 1345 1591 amne
1373 1530 1577 1592 labens
1604 1532 1848 1593 coerulo.

634 1627 901 1707 Armiger
924 1628 984 1687 in
1014 1626 1123 1686 Ida
1150 1625 1303 1707 pede
1329 1646 1479 1705 vago
1506 1627 1707 1689 littora
1733 1638 1964 1707 peteDS.

630 1723 890 1797 Coerula,
917 1742 1038 1781 non
1067 1722 1234 1783 aliter
1261 1741 1551 1804 superans
1580 1723 1812 1802 liquida
1840 1724 2132 1785 malacise.

628 1824 785 1897 παρὰ
810 1827 983 1901 σοφοῦ
1003 1824 1151 1898 μάθε
1182 1821 1361 1880 κλύων
1388 1820 1501 1880 ὅσα
1527 1828 1696 1881 vicar
1724 1824 2061 1901 καταμάθοι.

634 1915 803 1994 Rape
832 1914 1015 1989 faces,
1042 1934 1188 1995 cape
1216 1936 1384 1995 puer,
1413 1934 1591 1996 sopor
1614 1917 1757 1989 abit,
1784 1937 1932 1977 cane
1958 1918 2168 1977 melos.

478 2060 547 2120 In
573 2060 688 2121 alio
717 2060 850 2121 loco
876 2061 1003 2121 sic:
1047 2059 1369 2121 Iambicum
1394 2070 1645 2121 metrum
1672 2080 1792 2123 non
1822 2082 1895 2122 ex
1925 2062 2066 2122 solis
2104 2061 2312 2122 iambis
2342 2062 2663 2123 conscribi·

472 2166 587 2230 tur,
636 2155 745 2215 sed
798 2156 1058 2235 quinque
1110 2156 1358 2236 suscipit
1411 2156 1616 2236 pedes,
1673 2156 1736 2217 id
1781 2167 1893 2231 est,
1943 2158 2225 2233 iambum,
2283 2159 2664 2233 tribrachum,

472 2242 861 2330 anapaestum,
888 2249 1213 2332 dactylum,
1250 2260 1312 2311 et
1338 2252 1711 2331 spondaeum,
1752 2252 1869 2315 hoc
1917 2264 2030 2327 est,
2079 2254 2334 2315 iambum
2377 2266 2438 2316 et
2481 2273 2666 2334 spon-

474 2348 672 2408 doeum
700 2354 763 2407 et
788 2346 1117 2407 solutiones
1148 2366 1371 2420 eorum,
1404 2347 1634 2409 scilicet
1661 2368 1736 2409 ex
1763 2349 1940 2409 iambi
1966 2348 2256 2410 solutione
2285 2350 2663 2411 tribrachum.

473 2442 651 2517 Nam,
682 2442 735 2503 si
762 2452 1105 2523 sequentem
1130 2443 1372 2523 longam
1401 2444 1691 2526 syllabam
1721 2446 1783 2505 in
1810 2446 1960 2506 duas
1981 2448 2188 2507 breves
2217 2446 2439 2520 solvas,
2465 2448 2566 2507 fiet
2587 2445 2665 2505 de

471 2540 667 2599 iambo
693 2538 1043 2599 tribrachus.
1128 2540 1407 2619 Spondoei
1457 2553 1655 2602 autem
1706 2543 2031 2604 solutiones
2073 2544 2244 2616 duas,
2273 2542 2577 2622 dactylum
2603 2549 2666 2600 et

473 2646 863 2715 anapoestum.
952 2635 1129 2708 Nam,
1178 2637 1230 2696 si
1286 2637 1443 2717 prior
1499 2637 1731 2718 syllaba
1773 2638 2042 2719 spondaei
2093 2640 2358 2701 solvatur
2404 2635 2466 2697 in
2514 2635 2665 2696 duas

471 2730 698 2803 breves,
746 2730 849 2789 fiet
894 2740 1274 2809 anapaestus:
1344 2732 1395 2789 si
1435 2750 1575 2791 vero
1625 2733 1912 2807 secunda,
1961 2735 2066 2793 fiet
2107 2734 2404 2814 dactylus.
2489 2730 2665 2790 Unde

475 2824 651 2885 datur
678 2824 949 2903 intelligi,
998 2826 1251 2887 iambica
1295 2836 1483 2887 metra
1529 2827 1604 2886 de
1653 2828 1847 2888 iambo
1873 2840 1936 2889 et
1977 2832 2263 2910 spondaeo
2315 2829 2459 2902 fieri,
2501 2836 2564 2887 et
2589 2828 2664 2887 de

478 2938 677 2979 eorum
709 2918 1124 2979 solutionibus.

558 3014 651 3073 De
672 3012 1005 3073 choliambo
1022 3013 1139 3073 sic:
1170 3014 1282 3073 Est
1308 3024 1504 3074 autem
1527 3017 1850 3094 proceritas
1869 3016 2133 3095 ejusdem
2153 3034 2356 3075 versus
2373 3015 2474 3093 qui
2491 3015 2666 3075 unius

477 3108 643 3190 pedis
693 3107 1022 3169 differentia
1068 3129 1281 3169 nomen
1323 3111 1573 3178 amittit:
1618 3131 1778 3185 nam,
1809 3111 1968 3191 quod
1999 3120 2165 3173 sexto
2188 3110 2345 3183 loco,
2371 3110 2472 3188 qui
2496 3110 2666 3170 locus

476 3224 585 3284 par
611 3216 723 3279 est,
753 3224 870 3265 non
919 3205 1171 3279 iambus,
1216 3206 1323 3265 sed
1354 3208 1678 3287 spondaens
1705 3208 1797 3268 vel
1843 3206 2137 3268 trochoeus
2187 3206 2490 3285 accipitur,
2541 3217 2602 3265 et
2630 3224 2667 3265 a

478 3298 661 3381 longa
689 3301 893 3380 incipit
928 3303 1179 3382 syllaba,
1208 3302 1488 3365 claudum
1526 3323 1760 3365 carmen
1789 3305 1948 3377 facit,
1992 3314 2054 3364 et
2079 3300 2530 3364 choliambicum
2557 3320 2668 3361 no-

477 3397 754 3470 minatur,
782 3407 850 3456 ut
873 3408 1002 3459 cst:
1042 3396 1123 3459 Ὦ
1144 3404 1517 3481 κλαέομένοιο
1541 3402 1830 3477 βούπαλοε
1855 3405 2200 3462 κατέκταθεν
2219 3394 2524 3459 ’Axoa‘mao'
2547 3398 2670 3459 ‘Irr-

479 3500 778 3558 πῶνακτοε.
822 3504 887 3558 οὔ
934 3501 1064 3575 γάρ.
1115 3496 1249 3557 ἀλλ’
1296 3502 1450 3569 aru:
1515 3504 1534 3532 ‘
1560 3499 1614 3557 Ο
1665 3518 1802 3577 quae
1849 3498 2132 3558 tenerulae
2178 3493 2468 3573 comparis
2499 3504 2667 3555 tenes

481 3595 721 3668 crinem,
750 3595 939 3681 Sudes
968 3597 1029 3657 in
1066 3595 1183 3655 ista
1204 3594 1301 3654 via
1326 3594 1473 3653 latet
1499 3595 1704 3653 fossa!
1784 3592 1963 3661 Quod
1991 3603 2189 3653 autem
2213 3590 2367 3650 binis
2395 3589 2666 3670 pedibus,

482 3702 544 3751 et
568 3711 688 3752 non
718 3690 966 3769 singulis
994 3690 1317 3762 scanditur,
1344 3696 1515 3749 vetus
1544 3689 1876 3748 institutum
1899 3698 2031 3748 est:
2061 3686 2276 3767 quippe
2302 3685 2664 3755 Herodotus,

482 3788 760 3867 antiquus
786 3786 1047 3846 historiae
1075 3796 1297 3857 auctor,
1324 3806 1461 3846 cum
1490 3784 1566 3844 de
1600 3785 1836 3844 heroico
1863 3782 2084 3844 diceret
2109 3801 2302 3851 versu,
2330 3799 2504 3859 quem
2547 3778 2667 3838 sin-

481 3884 635 3965 gulis
681 3880 881 3963 partiri
925 3880 1175 3961 pedibus
1219 3882 1395 3939 moris
1442 3890 1556 3949 est,
1595 3880 1681 3939 ita
1708 3878 1888 3938 dixit:
1949 3883 2041 3939 καί
2083 3891 2215 3959 σφιν
2239 3881 2482 3948 vla-town
2509 3880 2666 3954 φήσω

482 3984 705 4042 ἅλυσιν.
792 3976 967 4037 Unde
1005 3988 1251 4057 apparet
1294 3976 1590 4035 heroicum
1641 3975 1896 4053 singulis
1936 3974 2186 4054 pedibus
2233 3970 2439 4033 scandi
2485 3967 2664 4028 etiam

484 4077 643 4157 apud
670 4075 915 4135 Veteres
954 4071 1215 4143 solitum,
1264 4072 1575 4132 iambicum
1625 4082 1822 4131 autem
1870 4070 2047 4130 binis.
2129 4068 2295 4126 Idem
2333 4074 2530 4125 autem
2557 4064 2662 4135 ait,

485 4192 619 4233 cum
647 4171 725 4232 de
754 4168 1107 4231 Archilocho
1132 4167 1309 4227 Pario
1336 4168 1531 4240 refert,
1582 4165 1681 4246 qui
1729 4165 1904 4244 Gigoe
1931 4163 2190 4224 fabulam
2235 4162 2454 4240 optime
2501 4178 2664 4220 com-
