3234 4934
1133 388 1229 433 nn
1277 388 1580 437 comicis
1632 390 2019 441 vua-sinus,
2538 380 2665 449 171

802 525 1090 587 Phaselus
1119 526 1218 587 ille
1242 548 1418 608 quem
1445 531 1657 591 vidctis
1686 532 1949 613 hospites

799 622 903 681 Ait
927 621 1109 687 fuisse
1137 626 1372 685 navium
1399 626 1760 691 celerrimus,

483 726 568 801 Et*
589 741 934 804 Horatium:

801 855 1021 917 Beatus
1050 858 1148 919 ille
1177 860 1277 939 qui
1307 861 1508 940 procul
1539 857 1814 941 negotiis.

482 984 612 1055 Quo
642 996 836 1047 autem
862 989 1098 1068 gravius
1126 988 1304 1069 paulo
1329 990 1386 1051 in
1419 991 1696 1053 tarditate
1723 992 2067 1072 procederet
2092 994 2342 1069 iambus,

719 1100 1050 1179 Spoudaeos
1077 1102 1320 1163 stabiles
1347 1104 1406 1162 in
1427 1104 1565 1183 jura
1583 1114 1832 1184 paterna
1858 1107 2079 1185 recepit

719 1198 1084 1261 Commodus
1109 1210 1170 1262 et
1195 1201 1447 1280 patiens,
1490 1221 1610 1260 non
1640 1212 1709 1261 ut
1732 1201 1807 1263 de
1834 1202 1976 1265 sede
2004 1204 2270 1267 secunda

722 1294 978 1357 cederet
1003 1308 1108 1357 aut
1134 1306 1346 1375 quarta
1371 1298 1851 1359 sociantem-—

481 1422 600 1482 Sed
630 1440 819 1504 neque
847 1424 1056 1503 tragici
1081 1424 1215 1496 hoc,
1245 1426 1301 1483 in
1330 1425 1531 1504 primis
1576 1426 1791 1499 Latini,
1833 1442 2162 1501 servarunt,
2210 1438 2271 1490 et
2302 1432 2512 1492 comici
2542 1452 2667 1493 om-

479 1519 653 1578 nibus
682 1520 741 1577 in
770 1519 918 1580 locis
947 1520 1315 1582 collocarunt
1339 1522 1521 1604 pedes
1558 1524 1687 1585 sine
1738 1524 2070 1587 discrimine
2118 1528 2417 1608 quinquc;
2459 1529 2666 1611 dacty-

478 1615 622 1687 lum,
654 1629 1043 1696 anapaestum,
1071 1621 1428 1701 tribrachyn,
1457 1621 1829 1702 spondaeum,
1857 1623 2133 1684 iambum.

717 1754 963 1836 Syllaba
986 1754 1169 1837 longa
1196 1758 1354 1819 brevi
1382 1758 1649 1838 subjecta
1678 1772 1919 1826 vocatur
1952 1761 2181 1826 iambus
2207 1783 2223 1824 ε

481 1892 661 1968 Deos,
691 1894 902 1967 cliens,
932 1893 1136 1962 serox3
1177 1896 1312 1974 quae
1342 1896 1391 1954 si
1419 1896 1607 1954 ambae
1636 1897 1843 1955 breves
1874 1897 2013 1971 sint,
2044 1897 2423 1979 Pyrrhicliius
2467 1900 2517 1958 is
2560 1918 2664 1979 pes

475 1999 760 2050 vocatur:
803 1990 958 2069 lege,
986 1990 1146 2063 here,
1174 2010 1373 2069 grave.

479 2118 812 2195 Spondaeus
841 2119 1018 2180 habet
1045 2118 1195 2179 duas
1226 2119 1436 2198 longas
1463 2139 1478 2178 :
1521 2118 1714 2192 exlex,
1743 2137 2011 2192 conuersi,
2041 2139 2264 2179 amens·

407 2252 412 2255 -
476 2214 827 2296 Tribrachys
855 2216 1042 2276 tribus
1067 2217 1341 2277 brevibus
1369 2226 1606 2276 constat
1630 2236 1645 2274 :
1699 2214 1955 2289 domine,
1984 2236 2215 2287 canere,
2244 2218 2475 2276 misera.

477 2312 859 2392 AnapaestuS,
885 2313 1116 2374 duabus
1144 2314 1347 2395 primis
1374 2314 1671 2386 brevibu3‚
1718 2324 2017 2393 postrema
2055 2314 2237 2393 longa
2262 2333 2283 2372 τ
2322 2314 2541 2386 siliccS,
2572 2332 2665 2373 ra-

635 2410 784 2492 bien,
814 2411 1070 2489 patiens·

479 2506 792 2587 Dactylus,
820 2509 1006 2588 prima
1031 2507 1233 2589 longa,
1260 2510 1641 2589 sequentibus
1673 2508 1905 2568 duabus
1932 2508 2243 2568 brevibus:
2286 2508 2475 2581 litera,
2523 2506 2665 2567 scri·

635 2605 794 2677 bere,
819 2606 1067 2667 musica.
2645 2618 2653 2625 ’

479 2730 544 2790 In
579 2732 802 2792 Latinis
830 2732 1070 2793 comicis
1099 2734 1211 2793 rari
1239 2733 1417 2794 iambi
1447 2744 1607 2807 sunt,
1637 2735 1813 2794 etiam
1842 2734 1901 2795 in
1930 2734 2225 2805 trimetris,
2272 2734 2371 2811 qui
2402 2742 2544 2792 sunt
2573 2753 2665 2793 se-

477 2829 640 2889 narii.
727 2830 793 2887 In
825 2830 1056 2909 integro
1084 2842 1280 2889 tamen
1311 2830 1582 2903 iambic0‚
1633 2832 1761 2889 vult
1788 2850 1919 2889 esse
1946 2830 2189 2889 ultimus
2239 2848 2344 2908 pes
2394 2828 2512 2902 hic,
2562 2840 2665 2888 aut

476 2934 712 3001 propter
738 2921 962 2981 ultimae
992 2924 1440 2983 indifferentiam
1471 2922 1858 3004 pyrrhichium
1884 2926 2052 3003 quasi
2080 2924 2366 2984 definiens
2388 2942 2666 2985 numeros

477 3039 548 3079 ac
590 3037 842 3079 versum.
927 3018 1095 3078 Sicut
1140 3018 1197 3077 in
1243 3017 1560 3098 dactylico,
1609 3020 1851 3097 quintus
1895 3020 2190 3100 dactylus,
2274 3020 2502 3078 Horum
2530 3020 2665 3077 loco

475 3135 610 3175 cum
639 3114 960 3195 spondaeus
989 3114 1247 3196 ponitur,
1298 3114 1338 3173 ii
1377 3134 1582 3175 versus
1622 3126 1747 3175 tum
1776 3115 2223 3179 σπονδαΐέοντεε
2248 3125 2312 3175 et
2342 3112 2664 3175 σπονδαῖκοὶ

475 3211 773 3285 dicuntur,
803 3223 910 3273 ut:

712 3344 1138 3423 Armatumque
1167 3362 1311 3405 auro
1337 3342 1735 3425 circumspicit
1763 3342 2003 3402 Oriona.

711 3441 1116 3520 Apollinarem
1143 3442 1392 3502 conveni
1418 3461 1611 3503 meum
1640 3458 1876 3502 scazon.

477 3569 826 3629 Claudicare
853 3570 1008 3629 enim
1035 3570 1330 3633 hiversus
1356 3578 1663 3650 putantur,
1708 3578 1769 3629 et
1812 3571 2115 3634 σκάέονηε
2162 3568 2557 3641 nominantur,
2605 3580 2667 3628 et

472 3665 1131 3753 χωλιαμβοί.ξοοωἱοί
1160 3680 1379 3741 autem,
1420 3677 1489 3727 ut
1523 3666 1670 3737 dixi,
1715 3683 1989 3724 numeros
2033 3663 2169 3724 ideo
2197 3664 2388 3726 minus
2418 3662 2667 3721 distinx-

475 3770 669 3836 erunt,
709 3772 778 3823 ut
805 3760 1124 3822 similitudo
1154 3762 1440 3823 sermonis
1467 3762 1795 3829 communis
1826 3760 2239 3822 custodiretur.
2324 3760 2532 3836 Itaque
2562 3758 2664 3816 Ci-

475 3878 612 3920 cero
639 3860 702 3943 iu
732 3858 982 3920 Oratore
1007 3858 1096 3919 sic
1125 3860 1247 3923 ait:
1289 3866 1308 3895 ‘
1331 3861 1413 3919 At
1439 3860 1794 3919 comicorum
1823 3856 2037 3917 senarii
2062 3865 2302 3937 propter
2328 3852 2663 3913 similitudi-

473 3974 610 4016 nem
653 3957 943 4017 sermonis
989 3956 1073 4017 sic
1121 3974 1282 4034 aaepe
1327 3965 1469 4017 sunt
1515 3954 1753 4035 abjecti,
1790 3961 1859 4012 ut
1906 3969 2329 4029 nonuunquam
2356 3948 2455 4013 vix
2481 3947 2541 4005 in
2568 3946 2665 4006 his

474 4072 750 4112 numerus
779 4062 840 4113 et
865 4072 1071 4114 versus
1117 4052 1362 4133 intelligi
1411 4051 1641 4131 possit!
1719 4049 1869 4109 Haec
1898 4048 2166 4109 confusio
2194 4064 2329 4105 curn
2356 4054 2449 4104 est
2476 4042 2663 4103 maxi-

473 4168 592 4221 ma,
632 4158 756 4209 tum
786 4150 1047 4211 carmina
1074 4160 1360 4211 vocantur
1387 4147 1836 4231 ἆπεμφαίνοντα,
1880 4146 1938 4206 id
1986 4154 2097 4217 est,
2142 4140 2556 4215 immanifesta,
2600 4151 2661 4201 et

477 4247 798 4324 ἀνάρμοστα
818 4268 834 4309 2
