3234 4934
1113 406 1210 451 nn
1263 404 1538 455 uernis
1585 404 1906 453 comicis.
2481 390 2611 455 221

416 546 762 627 popularem
807 542 1092 624 loquendi
1137 545 1625 605 consuetudinem
1676 546 1810 623 ipss
1856 562 2091 624 quoque
2138 547 2613 624 pronuntiatione

427 642 664 723 propius
704 641 1034 701 accedant:
1099 660 1276 719 quam
1343 641 1482 700 dum
1527 652 1969 713 consectantur,
2024 640 2333 719 longitudo
2387 641 2491 701 illa
2539 664 2613 703 ex

425 739 876 799 consonantium
905 737 1198 818 positione
1227 746 1356 797 orta
1396 739 1614 796 frustra
1638 738 1711 796 iis
1740 739 1973 805 obstat3
2018 738 2077 795 in
2108 738 2353 816 syllabae
2382 738 2613 817 quanti-

425 844 546 893 tate
575 833 924 893 aestimanda
953 834 1032 891 ad
1061 832 1280 893 vocalis
1304 832 1675 893 solummodo
1704 845 1993 904 naturam,
2020 854 2155 911 quoe
2182 833 2427 912 syllabae
2444 835 2616 912 quasi

425 930 624 990 anima
649 940 764 1001 est,
790 929 1146 1007 respiciunt;
1191 929 1243 987 si
1271 948 1344 989 ca
1383 930 1576 988 brevis
1619 930 1721 1001 sit,
1766 929 2053 1007 syllabam
2081 949 2186 1007 pro
2226 929 2397 989 libitu
2438 930 2619 989 corri-

425 1026 615 1105 piunt.
699 1024 886 1103 quue
915 1044 1033 1083 non
1082 1025 1143 1084 in
1173 1023 1393 1083 ultimis
1439 1022 1618 1083 modo
1649 1024 1961 1084 verborum
2004 1023 2243 1098 syllabis
2286 1024 2616 1083 factitatum

424 1128 536 1192 est,
567 1120 674 1181 sed
701 1122 762 1179 in
800 1121 927 1181 aliis
955 1122 1131 1181 etiam
1161 1120 1488 1198 quibusvis,
1531 1119 1763 1191 mediis,
1792 1118 2013 1198 primis,
2044 1118 2155 1177 nisi
2182 1128 2389 1179 contra
2412 1120 2615 1181 obstet

425 1228 748 1284 accentus;
794 1226 1032 1277 acutum
1059 1214 1224 1275 illum
1268 1215 1536 1294 intelligo
1579 1225 1865 1285 tenorem,
1891 1214 1992 1293 qui
2021 1213 2079 1271 in
2102 1214 2261 1273 omni
2292 1234 2433 1275 voce
2463 1236 2613 1274 unus

430 1320 543 1384 est,
573 1310 980 1393 syllabamque
1007 1329 1186 1388 quarn
1230 1308 1394 1370 acuit
1437 1329 1560 1389 proe
1587 1310 1797 1370 ceteris
1838 1309 2111 1381 intendit,
2150 1321 2212 1369 et
2254 1309 2618 1370 intendendo

427 1426 581 1467 vem
615 1405 753 1483 ejus
779 1404 1096 1484 quantitati
1137 1403 1402 1482 aliquam
1449 1422 1663 1477 novam
1706 1404 1907 1471 addin
1968 1424 2103 1466 cum
2152 1405 2476 1465 intentione
2520 1406 2623 1465 illa

428 1500 615 1579 major
657 1501 1022 1579 aliquantum
1069 1518 1232 1559 mora
1273 1499 1338 1557 in
1382 1509 1560 1559 acuta
1603 1499 2042 1578 pronuntianda
2068 1500 2427 1559 insumatur:
2472 1500 2621 1561 alias

341 1610 358 1623 ·
425 1597 778 1677 positionem
807 1596 980 1656 facile
1008 1594 1336 1674 negligunt,
1363 1595 1659 1676 praecipne
1689 1594 1926 1675 quidem
1955 1596 2113 1655 illam
2143 1615 2278 1674 quoe
2315 1614 2388 1655 ex
2410 1594 2621 1655 eadem

427 1711 692 1753 consona
745 1692 1042 1770 geminata
1091 1690 1294 1765 oritur,
1344 1710 1479 1751 cum
1522 1691 1847 1769 antiquitus
1895 1690 2185 1771 ejusmodi
2231 1711 2409 1753 voees
2454 1692 2623 1753 litera

428 1788 703 1867 simplice
731 1788 966 1867 scriptae
997 1797 1236 1853 essentz
1280 1786 1416 1847 dein
1437 1786 1600 1849 illam
1628 1808 1761 1866 quae
1788 1788 1857 1847 fit
1878 1807 1953 1847 ex
1978 1796 2143 1847 muta
2168 1798 2229 1848 et
2254 1788 2498 1869 liquida,
2520 1798 2623 1847 aut

425 1903 501 1943 ex
529 1884 832 1962 quibusvis
861 1883 992 1943 aliis
1039 1884 1318 1944 consonis
1345 1902 1482 1962 quse
1528 1884 1586 1942 in
1616 1887 1778 1944 vocis
1827 1884 1992 1944 initio
2031 1884 2305 1945 connecti
2346 1894 2621 1963 possunt,

429 1978 596 2040 nulla
618 1979 808 2041 vocali
837 1980 1203 2060 interposita.
1289 1977 1408 2037 Sed
1441 1996 1552 2037 nec
1573 1979 1729 2039 intra
1753 1979 1862 2038 hos
1891 1978 2042 2039 fines
2070 2000 2135 2039 se
2164 1980 2619 2046 continuerunt;

428 2094 820 2153 quoecumque
869 2094 1150 2137 consonae
1176 2074 1415 2133 brevem
1444 2072 1708 2134 vocalem
1754 2073 2068 2152 excipiant,
2117 2073 2259 2133 sive·
2288 2075 2347 2133 in
2392 2074 2623 2148 eadem,

429 2170 640 2231 sivein
669 2170 914 2231 <liversis
941 2172 1206 2243 vocibus,
1239 2167 1669 2247 longitudinem
1696 2189 1831 2247 quse
1874 2168 2085 2228 exinde
2116 2168 2361 2247 syllaboe
2396 2188 2624 2229 accres-

429 2265 530 2337 cit,
579 2284 686 2344 pro
714 2264 900 2324 nihilo
929 2266 1171 2339 habent,
1199 2274 1280 2335 et,
1309 2264 1360 2323 si
1391 2282 1593 2325 versus
1636 2264 1721 2324 ita
1766 2264 2045 2344 postulet,
2082 2264 2242 2325 illico
2270 2264 2622 2343 corripiunt:

429 2360 627 2432 immo,
673 2360 833 2438 quod
887 2361 1074 2439 tnagis
1119 2359 1345 2433 mirere,
1401 2358 1633 2419 malunt
1678 2358 1791 2419 hac
1842 2359 2197 2439 corripiendi
2236 2360 2479 2420 licentia
2520 2360 2625 2431 uti,

431 2454 663 2515 etiamsi
691 2454 867 2514 facile
897 2456 972 2515 ab
1001 2474 1074 2514 ea
1117 2472 1324 2514 cavere
1371 2454 1730 2533 potuissent,
1766 2472 1945 2533 quam
1974 2474 2180 2515 vocem
2224 2453 2625 2536 dissyllabam,

429 2548 601 2628 cujus
630 2549 816 2628 prima
842 2549 1036 2609 brevis
1065 2558 1178 2619 est,
1229 2549 1288 2607 in
1317 2547 1582 2609 diversos
1631 2548 1817 2629 pedes
1846 2548 2193 2622 distrahere,
2241 2570 2377 2610 cum
2403 2551 2625 2611 crebrae

429 2660 678 2707 caesurae
732 2644 1050 2705 orationem
1105 2644 1274 2705 nimis
1322 2644 1677 2722 exquisitam
1719 2644 2201 2719 etelaboratam,
2250 2664 2625 2709 numerosam

433 2740 602 2799 nimis
630 2750 692 2799 et
719 2758 756 2799 a
781 2739 1041 2820 pedestri
1068 2759 1337 2801 sermone
1367 2750 1648 2801 remotam
1676 2739 1917 2801 faciant.

510 2836 690 2905 >Quod
718 2835 951 2897 videtur
979 2836 1156 2897 etiam
1183 2836 1242 2895 in
1274 2854 1457 2897 causa
1492 2836 1697 2908 fuisse,
1724 2855 1830 2895 cur
1857 2839 2030 2897 toties
2058 2836 2329 2909 creticos,
2352 2839 2627 2915 quamvis

433 2950 554 2991 uno
583 2941 848 3010 tempore
865 2932 1034 3009 justo
1062 2932 1382 3009 longiores,
1432 2930 1885 2991 ditrocbaeomm
1930 2943 2127 3012 partes
2158 2931 2421 2991 fecerint.
2494 2934 2627 2992 Hoc

429 3026 586 3089 enim
617 3044 1024 3104 saepenumero
1051 3027 1126 3085 ab
1155 3026 1226 3083 iis
1255 3026 1474 3085 sactum
1503 3026 1695 3104 quivis
1737 3026 1911 3085 facile
1943 3026 2184 3093 viderit:
2229 3027 2337 3084 sed
2378 3027 2627 3087 creticos

425 3131 728 3201 quatenus
755 3122 1004 3181 creticos
1034 3140 1152 3182 non
1183 3132 1550 3200 receperunt,
1595 3140 1731 3181 cum
1760 3122 1874 3181 iste
1918 3140 2025 3201 pes
2078 3122 2151 3179 ab
2196 3121 2288 3179 his
2318 3122 2629 3199 generibus

435 3218 674 3278 omnino
715 3217 1059 3277 abhorreat:
1100 3217 1210 3277 hos
1247 3216 1422 3296 igitur
1449 3216 1654 3297 pedes,
1703 3218 1842 3276 licet
1869 3236 2069 3277 revera
2096 3217 2366 3290 creticos,
2394 3236 2465 3277 ac
2495 3237 2628 3296 pro-

429 3312 573 3372 inde
601 3313 861 3392 quinque
888 3324 1237 3392 temporum,
1267 3314 1531 3373 versibus
1561 3314 1687 3373 suis
1716 3314 2051 3373 immiscent
2076 3311 2333 3391 quidem,
2378 3313 2626 3373 sedsub
2688 3334 2693 3337 ·

435 3408 554 3469 aua
579 3410 837 3487 quadam
865 3413 1094 3489 specie:
1149 3430 1306 3470 nunc
1353 3410 1560 3489 utique
1579 3408 1830 3491 dactyli,
1880 3428 2043 3469 nune
2088 3408 2399 3487 anapaesti,
2442 3410 2629 3486 Prima

439 3504 664 3565 scilieet
703 3506 796 3563 vel
845 3506 1049 3567 ultima
1100 3526 1210 3585 pro
1264 3517 1532 3586 correpta
1586 3506 1810 3578 habita,
1860 3524 2020 3565 nunc
2072 3504 2364 3584 spondaei,
2414 3504 2629 3563 extrita

437 3597 632 3656 media
657 3598 869 3670 vocali,
896 3600 1083 3661 vicem
1113 3602 1427 3661 sustinent.
1511 3601 1854 3661 Maluerunt
1882 3600 2111 3660 scilieet
2140 3599 2435 3679 prosodiae
2464 3599 2626 3679 leges

429 3690 804 3770 aliquantum
827 3691 1066 3767 violare,
1092 3714 1270 3773 quam
1300 3716 1337 3755 a
1379 3696 1673 3757 sermonis
1702 3706 1917 3757 natura
1940 3705 2003 3755 et
2033 3696 2457 3775 pronuntiandi
2484 3714 2626 3755 con-

436 3787 752 3850 suetudine
779 3787 1022 3848 nimium
1049 3789 1360 3858 recedere:
1422 3812 1553 3851 cum
1584 3793 1715 3852 istis
1746 3794 1973 3871 legibus
2005 3793 2251 3871 obsequi
2298 3810 2416 3850 non
2454 3800 2629 3869 potu·

433 3883 612 3952 erint,
643 3882 758 3941 nisi
785 3882 1002 3943 crebris
1032 3884 1275 3944 coesuris
1311 3896 1637 3957 uterentur,
1666 3899 1729 3946 et
1756 3889 2059 3948 verborum
2096 3888 2377 3947 creticum
2415 3885 2628 3964 pedem

431 3978 922 4038 constituentium
951 3978 1186 4039 ultimas
1217 3979 1474 4059 syllabas
1503 4000 1540 4040 a
1564 3982 1851 4060 prioribus
1894 3983 2219 4063 saepissime
2265 3980 2627 4041 divellerent·-

433 4074 576 4135 Hoc
604 4082 803 4133 autem
831 4093 948 4133 non
978 4074 1158 4134 modo
1186 4075 1245 4135 in
1271 4074 1523 4155 sing-ulis
1551 4076 1765 4150 verbis,
1794 4098 1929 4137 cum
1956 4078 2175 4137 cretico
2208 4093 2379 4155 pares
2405 4088 2627 4149 essent,

435 4168 664 4231 factum
688 4179 799 4242 est,
829 4169 938 4231 sed
965 4190 1124 4251 soepe
1149 4170 1326 4233 etiam
1354 4190 1488 4233 cum
1525 4171 1663 4233 duee
1692 4190 1865 4233 voees
1894 4172 1971 4233 ad
1998 4171 2211 4251 pedem
2239 4170 2418 4242 istum
2444 4172 2625 4235 effici-
