3234 4934
1286 378 1383 425 οε
1427 376 1812 425 TnssATno.
2555 358 2644 423 79
2748 384 2752 391 ·

453 534 635 593 tores,
663 518 996 579 meretrices
1026 518 1453 589 dividebantur,
1479 538 1884 597 personasque
1913 522 1970 581 in
2021 520 2342 581 Orchestra
2381 538 2643 581 assume-

455 624 623 693 bant,
650 636 753 697 pro
784 636 895 677 sua
922 617 1151 677 actione
1181 636 1251 677 ac
1280 618 1440 677 ludo,

644 822 1127 887 APPARATUS
1171 826 1459 887 SCENAE
1503 827 1591 885 IN
1634 826 1852 886 VICIS
1899 827 1998 885 ET
2037 823 2465 885 THEATRIS.

533 970 947 1051 Apparabatur
976 990 1156 1031 scena
1201 970 1358 1050 apud
1389 972 1665 1049 antiquos
1698 972 1944 1031 Graecos
1975 972 2031 1030 in
2065 970 2245 1051 agris,
2288 988 2468 1030 verno
2495 978 2645 1027 tem·

453 1083 614 1139 pore,
643 1086 775 1127 cum
808 1066 1071 1127 aediflciis
1114 1077 1181 1137 'et
1222 1065 1684 1130 habitationibus
1716 1066 2061 1146 triplicibus,
2108 1067 2408 1127 instructis
2438 1060 2646 1123 culmi-

453 1162 649 1235 nibus,
677 1160 1168 1243 peripetasmatiS,
1199 1162 1514 1241 tapetibus,
1538 1162 1854 1241 linteisque
1872 1162 2162 1222 candidis.
2213 1160 2452 1220 Additae
2479 1172 2639 1240 post·

453 1277 524 1317 ea
574 1270 857 1318 sonantes
885 1258 1110 1337 pelves,
1153 1250 1440 1337 ignesque
1474 1256 1745 1317 manibus
1783 1260 2055 1319 excussi:
2099 1278 2367 1319 cavernae
2409 1276 2647 1337 quoque

453 1356 855 1414 subterraneae
902 1373 971 1413 ac
1009 1354 1170 1433 putei
1200 1354 1724 1433 confingebantur:
1767 1356 1970 1434 figuris
2021 1355 2219 1427 maris,
2258 1353 2504 1425 Tartari,
2533 1352 2648 1411 ful-

452 1446 698 1521 minum,
721 1442 1059 1521 tonitruum,
1090 1448 1300 1519 noctiS‚
1323 1449 1475 1521 coeli,
1497 1446 1635 1522 diei,
1663 1451 1973 1529 regiarum,
1990 1451 2413 1531 praetoriorum,
2439 1442 2647 1527 ingen-

451 1552 543 1603 tes
578 1542 752 1615 aulae,
781 1544 1031 1603 fornices
1076 1542 1151 1605 ad
1182 1542 1403 1603 viarum
1438 1542 1900 1607 similitudinem.
1987 1546 2159 1627 Apud
2194 1548 2496 1606 Romanos
2523 1545 2646 1602 Au-

453 1640 566 1699 laea
594 1640 650 1699 in
682 1658 859 1701 scena
888 1641 1141 1719 primum
1170 1639 1601 1713 sternebantur,
1626 1660 1758 1701 cum
1784 1643 2034 1721 primum
2065 1644 2256 1723 pictus
2286 1637 2380 1700 ille
2403 1650 2645 1699 ornatus

450 1756 525 1796 ex
553 1736 813 1794 Attalica
842 1736 1005 1815 regia
1054 1735 1307 1794 Romam
1350 1734 1613 1813 perlatus
1663 1737 1797 1811 suit,
1825 1738 2247 1817 velabaturque
2292 1738 2422 1816 ipsa
2469 1755 2648 1795 scena

452 1829 714 1913 SipariiS,
744 1852 880 1911 quae
926 1832 1216 1912 posterior
1262 1842 1410 1891 oetas
1440 1851 1549 1910 pro
1593 1834 1797 1894 aulaeis
1844 1838 2070 1907 sumsit,
2104 1847 2169 1894 ut
2210 1834 2384 1895 etiam
2433 1832 2647 1911 siparia

449 1928 609 1987 humi
644 1936 949 1987 sterneret.
1034 1925 1181 1987 Erat
1220 1940 1503 2006 praeterea
1531 1930 1726 1988 velum
1757 1932 2042 1991 minutum
2083 1924 2244 2009 quod
2289 1928 2511 2010 populo
2541 1929 2648 1987 ob-

453 2024 703 2083 sistebat
726 2024 785 2081 in
818 2040 1019 2095 scena,
1056 2022 1199 2081 dum
1244 2034 1413 2082 actus
1455 2028 1993 2087 commutabantur.
2079 2026 2144 2084 In
2191 2022 2334 2085 vicis
2375 2024 2425 2083 si
2469 2022 2649 2083 fiebat

452 2139 654 2191 scena,
715 2117 1019 2177 arboribus
1079 2118 1138 2176 in
1196 2138 1260 2177 se
1316 2118 1672 2179 cubantibus
1740 2141 1809 2180 ac
1857 2122 2086 2181 reflexis
2149 2120 2644 2199 componebatur;

450 2214 620 2296 quasi
645 2224 1057 2274 concamerata
1083 2214 1357 2293 quaedam
1390 2214 1686 2289 densati0,
1723 2227 1791 2278 ut
1818 2217 2247 2296 subterpositos
2277 2226 2475 2295 tegere
2506 2233 2644 2293 pos·

452 2323 563 2387 set,
592 2310 748 2371 unde
778 2312 851 2369 ab
882 2309 1311 2385 inumbratione
1342 2312 1521 2371 dicta.
1606 2314 1674 2371 In
1721 2314 1976 2374 Theatro
2005 2324 2200 2372 autem
2246 2319 2337 2389 (ut
2369 2312 2496 2391 jam
2524 2308 2647 2370 dic·

451 2419 575 2468 tum
605 2410 725 2481 est)
748 2407 928 2466 fiebat
956 2425 1160 2481 scena,
1187 2418 1483 2467 camerato
1526 2418 1829 2483 contextu,
1873 2410 2028 2470 binis
2079 2408 2462 2487 pluribusque
2503 2426 2646 2467 con-

448 2504 877 2583 tignationibus
924 2514 1243 2564 exstructa.
1346 2504 1517 2565 Picta
1562 2517 1690 2568 erat
1733 2505 2014 2585 undique,
2065 2525 2205 2564 suas
2252 2504 2644 2563 domunculas

448 2600 676 2672 habuit,
704 2600 761 2657 in
792 2618 942 2677 quas
992 2618 1099 2679 pro
1126 2601 1353 2660 ratione
1400 2615 1640 2663 actuum
1677 2602 2009 2661 alternatim
2040 2621 2103 2659 se
2132 2600 2516 2660 conferebant
2545 2618 2646 2657 ac-

452 2708 630 2758 tores.
732 2698 898 2757 Duas
958 2716 1093 2756 aras
1138 2697 1439 2778 utriusque
1496 2700 1792 2760 habebat:
1865 2698 2128 2757 dextram
2176 2695 2366 2755 Liberi
2423 2696 2643 2775 patris:

451 2794 745 2853 sinistram
790 2794 916 2874 ejus
949 2795 1084 2865 Dei,
1127 2796 1184 2852 in
1231 2796 1401 2873 cujus
1430 2796 1714 2855 honorem
1762 2793 1910 2854 Ludi
1939 2796 2177 2854 fiebant.
2263 2790 2436 2850 Unde
2463 2790 2642 2849 illud:

452 2888 543 2947 Ex
572 2909 673 2947 ara
700 2888 838 2947 hinc
867 2908 1031 2947 sume
1061 2889 1367 2947 verbenas.
1452 2890 1646 2968 Atque
1691 2890 1742 2948 is
1784 2888 2017 2947 demum
2063 2900 2190 2947 erat
2238 2907 2434 2946 scenae
2461 2904 2644 2965 appa·

450 2993 611 3042 ratus
640 2984 697 3041 in
727 2978 1005 3043 Theatr0.

731 3169 843 3229 DE
888 3162 1469 3230 HISTRIONIBUS
1514 3160 1615 3227 ET
1658 3162 1907 3229 MIMIS
1952 3161 2347 3229 SCENICIS.

530 3301 741 3374 Omnis
771 3315 1210 3396 Tragoediarum
1262 3334 1333 3375 ac
1364 3313 1801 3375 Comoediarum
1848 3315 2060 3394 gratia,
2107 3324 2170 3373 et
2195 3321 2392 3372 scenae
2435 3307 2640 3375 decus,

447 3409 507 3468 in
540 3411 943 3471 Histrionibus
992 3412 1381 3471 consistebat.
1464 3410 1800 3470 Histriones
1841 3411 1998 3470 enim
2049 3418 2111 3469 et
2149 3408 2313 3467 mimi
2357 3408 2416 3465 in
2463 3422 2644 3463 scena

436 3504 789 3565 -Comoedias
832 3514 1224 3569 recensebant
1246 3504 1578 3567 secundum
1623 3525 1764 3565 suos
1805 3506 2014 3565 modos
2059 3516 2119 3564 et
2145 3502 2402 3563 cantica.
2486 3499 2642 3557 Nam

450 3602 700 3669 cantica,
750 3612 817 3660 ut
858 3602 1037 3682 paulo
1080 3615 1217 3663 ante
1263 3603 1648 3675 docebamus,
1693 3604 2168 3680 temperabantur
2212 3596 2427 3669 m'odis,
2455 3613 2574 3653 non
2606 3613 2640 3652 a

448 3696 647 3774 poeta,
676 3695 785 3754 sed
814 3715 851 3755 a
876 3700 1063 3777 perito
1090 3701 1232 3759 artis
1259 3698 1501 3759 musicae
1518 3699 1714 3771 sactis,
1737 3700 2233 3776 mutabanturque
2253 3692 2413 3755 modi
2440 3692 2497 3749 in
2521 3704 2640 3745 uno

448 3790 700 3851 cantico.
805 3790 1055 3852 Fiebant
1094 3792 1431 3873 hujusmodi
1480 3795 1743 3853 carmina
1786 3793 1863 3854 ad
1909 3794 2118 3853 tibias:
2181 3802 2250 3851 ut
2290 3790 2380 3848 his
2427 3782 2644 3844 auditis

449 3883 618 3947 multi
648 3904 723 3945 ex
749 3887 953 3968 populi
984 3882 1124 3948 ant‘e
1154 3887 1471 3958 discerent,
1522 3908 1698 3967 quam
1745 3890 2028 3949 Fabulam
2057 3889 2244 3949 acturi
2290 3895 2492 3947 essent
2512 3902 2642 3944 sce·

450 3985 587 4047 nici.
678 3982 852 4043 Unde
880 3983 1027 4045 illud
1078 3993 1172 4043 est
1214 3984 1550 4045 Ciceronis:
1613 3994 1629 4020 ⁸
1657 3986 1788 4045 Non
1837 3985 2143 4065 intelligo,'
2195 3986 2407 4064 inquit,
2456 3983 2640 4061 ‘quid

452 4091 699 4154 metuat,
725 4098 859 4140 cum
888 4090 1009 4140 tam
1058 4081 1249 4139 bonos
1283 4082 1648 4159 septenarios
1677 4081 1891 4143 fundat
1915 4082 1992 4141 ad
2023 4082 2266 4141 tibiam!
2344 4079 2394 4137 T
2396 4079 2637 4140 ibicines

453 4177 901 4258 appellabantur
947 4178 1049 4255 qui
1090 4175 1427 4255 hujusmodi
1478 4179 1712 4239 cantica
1761 4178 1838 4239 ad
1866 4178 2068 4238 tibiam
2097 4176 2444 4251 fundebant,
2471 4186 2639 4256 ante-
