3234 4934
1331 409 1763 462 rnatum&
2546 393 2635 462 23

441 579 630 626 mann
661 553 942 622 Ber-such
961 576 1014 620 e.
1041 553 1448 640 ›system-der
1479 551 2001 640 DiplomatilcT.
2034 572 2115 620 ιι.
2142 576 2211 640 p.
2240 553 2385 641 84.)
2409 563 2639 626 noster

445 661 671 728 codex
699 679 908 724 aeram
959 658 1148 722 illam
1183 658 1538 723 antecedit.
1626 658 1852 722 Litera
1895 678 1925 721 e
1971 657 2038 722 in
2088 659 2411 742 superiori
2451 665 2639 742 parte

441 765 698 850 apicem
722 762 946 837 habet,
965 759 1291 844 (linguam
1312 765 1515 825 vocat
1533 756 2027 824 Schoenemann
2046 763 2092 840 3)
2108 757 2175 844 s
2188 766 2259 824 et
2274 758 2649 844 flongius-·

450 867 620 932 culae
669 870 844 942 sunt,
893 863 1298 945 ubicumque
1327 867 1699 941 occurrunt,
1730 867 1799 926 et
1820 861 1991 926 infra
2008 862 2276 942 lineam,
2304 863 2417 927 cui
2441 863 2653 930 ipsis--

452 973 621 1045 tunt,
647 969 992 1050 protensae
1013 983 1032 1044 ;
1061 985 1098 1026 r
1115 963 1475 1042 interdum,
1497 964 1803 1049 inprimis
1820 965 1889 1029 in
1904 963 2143 1030 ultima
2160 964 2335 1028 linea
2350 965 2640 1049 paginae,

450 1077 554 1134 est
573 1072 920 1154 protensa.
1009 1065 1375 1130 Rarissime
1419 1066 1754 1146 digamma
1794 1065 2129 1130 AEolicum
2172 1065 2326 1130 loco
2357 1065 2569 1130 literae
2599 1064 2643 1129 Ιι

447 1189 736 1255 superne
759 1242 765 1248 ,
791 1169 904 1235 vel
960 1176 1122 1233 ante
1161 1173 1542 1251 sequentem
1597 1168 1859 1234 literam
1908 1169 2273 1251 ascriptum
2334 1176 2641 1254 apparet,

445 1291 504 1338 e.
534 1292 625 1354 gr.
673 1277 691 1308 ‘
711 1271 950 1336 ilatum
967 1269 986 1296 '
1035 1289 1160 1354 pro
1203 1269 1570 1340 :hilarumss
1659 1270 1741 1335 In
1771 1270 2065 1353 Prologo
2096 1270 2391 1353 Hecyroe
2424 1286 2505 1334 11.
2533 1270 2639 1336 22.

447 1373 688 1440 offendi
707 1423 712 1428 .
731 1374 994 1440 literam
1050 1372 1091 1435 k
1141 1372 1214 1436 in
1243 1391 1410 1438 voce
1469 1376 1492 1408 ‘
1515 1371 1915 1451 calamitae,’
1970 1377 2041 1438 at
2086 1390 2417 1454 nusquam
2460 1371 2642 1436 alibi.

451 1475 1094 1560 Frequentissimum
1143 1475 1398 1558 signum
1441 1473 1993 1557 interpunctionis
2038 1476 2140 1538 est
2165 1476 2491 1554 punctum
2535 1469 2643 1556 (.).

451 1575 764 1644 Occurrit
789 1578 987 1642 etiam
1015 1577 1388 1642 semicolon
1413 1574 1504 1662 (ς)
1541 1576 1661 1642 sed
1690 1575 2102 1659 plerumque,
2136 1574 2207 1636 ni
2234 1573 2454 1652 fallor,
2482 1571 2640 1639 line-

447 1677 558 1744 ola
581 1678 900 1763 curva-(1)
928 1698 973 1745 a
992 1680 1342 1744 recentiori
1368 1677 1829 1745 manuaddita
1856 1685 1985 1742 est.
2073 1675 2351 1758 Signum
2367 1675 2645 1740 interro*

450 1779 654 1863 gandi
679 1800 812 1845 non
839 1799 1102 1864 semper
1125 1780 1410 1847 eandem
1431 1781 1709 1864 figuram
1739 1780 2047 1860 exhibet3
2078 1777 2299 1856 cmdo,
2328 1777 2491 1861 quia
2512 1795 2658 1840 non·

450 1881 700 1965 ubique
745 1881 984 1946 eadem
1039 1901 1276 1947 manus
1332 1884 1674 1967 apposuit.
1762 1882 2032 1964 Signum
2091 1877 2515 1946 exclamandi
2558 1876 2647 1962 (!)

450 1982 576 2050 hac
599 1982 808 2066 figura
851 1993 919 2062 Λ,
953 2004 1082 2049 non
1111 1983 1199 2048 ad
1223 1982 1417 2047 finem
1449 1983 1664 2062 vecie,
1694 1983 1815 2048 sed
1846 2001 2053 2066 super
2077 1983 2296 2047 media
2321 1999 2513 2058 voce,
2558 1979 2647 2045 ad

451 2103 652 2168 quam
685 2085 997 2168 pertinet,
1033 2085 1141 2150 hic
1187 2085 1330 2152 illic
1355 2086 1647 2169 positum
1692 2093 1823 2164 est,
1852 2105 1915 2150 e.
1946 2103 2039 2166 gr.
2078 2083 2325 2148 Heaut.
2358 2098 2457 2146 ιν.
2486 2083 2552 2146 1.
2578 2083 2647 2146 7.

453 2205 474 2234 ‘
496 2200 658 2285 quid
689 2180 858 2266 si‘et?
888 2217 991 2266 ιν.
1013 2201 1078 2266 8.
1095 2201 1204 2266 21.
1233 2205 1254 2236 ‘
1277 2183 1534 2282 Aegre!
1619 2201 1764 2266 Vix
1794 2199 1997 2265 credo
2023 2200 2195 2264 hanc
2241 2197 2521 2280 figuram
2570 2197 2642 2260 in

451 2301 662 2377 libris,
711 2303 828 2384 qui
879 2304 960 2366 de
1005 2321 1076 2366 re
1113 2302 1555 2386 diplomatica
1598 2309 1823 2386 agunt,
1854 2307 2239 2368 annotatam
2264 2319 2434 2366 esse.
2512 2298 2647 2364 Co-

451 2405 564 2470 lon
591 2401 680 2490 (z)
709 2411 779 2468 et
805 2423 1066 2470 comma
1089 2403 1176 2490 (,)
1203 2421 1535 2488 nusquam
1563 2409 1963 2489 comparent.

541 2506 830 2591 Sequior
857 2525 1098 2571 manus
1114 2507 1184 2570 in
1215 2508 1432 2590 prima
1459 2507 1717 2572 codicis
1744 2508 1991 2590 pagina
2008 2523 2262 2584 omnes,
2285 2507 2353 2570 in
2370 2523 2647 2589 sequen-

455 2608 638 2672 tibus
664 2626 868 2693 quam
895 2608 1216 2692 plurimas
1237 2609 1468 2673 literas
1485 2613 1855 2674 atramento
1876 2608 2149 2691 nigriori
2166 2606 2649 2690 superinduxit,

458 2714 530 2774 et
583 2711 850 2774 nomina
902 2708 1340 2794 loquentium,
1400 2727 1556 2791 quae
1619 2709 1903 2792 primum
1963 2714 2335 2774 atramento
2391 2709 2650 2792 scripta

459 2817 667 2889 erant,
695 2811 906 2876 minio
942 2811 1192 2889 illevit3
1220 2816 1466 2893 postea
1495 2819 1718 2874 tamen
1746 2812 1897 2894 ipse
1928 2811 2151 2875 scriba
2186 2812 2257 2874 in
2288 2807 2648 2874 exarandis

455 2913 836 2977 nominibus
865 2913 1064 2977 rubro
1116 2912 1336 2976 colore
1383 2929 1550 2974 usus
1595 2919 1721 2976 est.
1805 2911 1941 2975 Per
1976 2917 2189 2977 totum
2219 2911 2523 2976 codicem
2550 2929 2657 2974 re·-

460 3015 713 3080 centior
739 3032 978 3078 manus
1007 3012 1284 3077 multum
1315 3012 1681 3090 innovavit,
1711 3012 2043 3076 lectiones
2066 3011 2329 3088 delevit,
2350 3013 2524 3076 alias
2552 3013 2651 3076 in-

459 3114 781 3193 troduxit,
805 3135 1026 3200 neque
1057 3133 1102 3178 a
1129 3103 1468 3179 mutandis
1495 3113 2141 3196 interpunctionibus
2170 3112 2510 3176 abstinuit.

545 3215 723 3298 Quae
752 3220 1069 3284 hactenus
1121 3216 1206 3282 de
1248 3216 1464 3283 forma
1499 3217 1839 3282 literarum
1877 3219 2219 3300 totiusque
2246 3213 2505 3280 codicis
2532 3233 2651 3279 ex·
2684 3265 2687 3270 .

458 3327 644 3385 terna
675 3319 762 3384 ad
792 3318 1288 3403 dijudicandam
1315 3317 1462 3402 ejus
1489 3318 1951 3401 antiquitatem
1981 3317 2343 3401 disputavi,
2382 3335 2473 3380 ex
2502 3337 2651 3401 spe-

461 3422 706 3487 cimine
746 3421 1150 3488 characteris
1181 3422 1248 3485 in
1279 3441 1376 3486 oes
1414 3421 1637 3486 inciso
1664 3421 1733 3485 in
1766 3419 2065 3485 secundo
2091 3418 2293 3501 hujus
2332 3418 2651 3483 editionis

461 3528 674 3599 tomo,
701 3522 1092 3607 propediem
1131 3522 1508 3606 prodituro,
1548 3523 1832 3588 clariora
1857 3521 2015 3586 fient
2042 3528 2116 3584 et
2144 3521 2423 3584 certiora
2443 3520 2652 3586 lecto·-

461 3625 654 3689 ribus
681 3626 846 3688 artis
875 3623 1328 3708 diplomaticae
1349 3623 1587 3706 gnaris.

551 3724 772 3790 Totus
801 3724 1018 3789 codex
1033 3725 1326 3808 repletus
1347 3729 1450 3788 est
1471 3723 1751 3789 scholiis
1781 3723 1925 3789 sive
1956 3723 2219 3806 glossiS,
2252 3739 2409 3807 quae
2444 3722 2665 3806 scrip--

463 3831 554 3891 tae
585 3833 745 3891 sunt
791 3826 998 3892 literis
1033 3825 1351 3903 exilibus,
1400 3825 1594 3908 longe
1644 3826 2009 3890 maximam
2058 3830 2342 3909 partem,
2368 3822 2505 3886 nisi
2542 3843 2651 3887 me

463 3927 692 3994 omnia
720 3927 983 4006 fallunt,
1028 3928 1116 3992 ab
1141 3927 1298 4012 ipso
1339 3925 1604 3992 codicis
1644 3925 1884 3990 scriba.
1973 3923 2165 3989 Idem
2192 3929 2297 3989 est
2324 3928 2653 3988 atramen-

463 4037 629 4110 tum,
687 4032 922 4097 eadem
982 4029 1473 4114 orthographia,
1533 4028 1765 4094 eadem
1826 4028 2400 4093 abbreviationum
2457 4026 2653 4106 ratio,

465 4134 646 4200 idem
693 4133 1034 4199 literarum
1079 4132 1341 4198 ductus.
1428 4131 1614 4211 Quin
1652 4131 2035 4197 membrana
2083 4129 2241 4212 ipsa
2268 4127 2524 4193 statim
2569 4129 2655 4193 ab

466 4237 660 4304 initio
692 4235 780 4303 ad
799 4236 1208 4322 'capiendum
1223 4243 1420 4303 notas
1447 4235 1791 4302 destinata
1816 4239 1979 4299 erat.
2065 4231 2247 4298 Nam
2274 4232 2343 4297 in
2370 4232 2656 4300 adverso
