3234 4934
631 370 763 438 190
1153 386 1226 438 τ.
1273 380 1497 437 nsit!
1543 386 2300 442 ossuum-iunonem

630 524 817 599 aliud,
842 535 906 587 et
929 524 1094 589 aliud
1117 527 1314 589 etiam.
1355 528 1544 589 Andr.
1573 538 1690 591 aet.
1724 549 1771 589 1.
1800 548 1893 589 sc.
1919 533 1968 589 1.
2003 532 2143 591 119.
2202 538 2219 567 ·
2240 528 2359 592 Pro
2392 552 2573 595 uxore
2599 534 2815 601 babere

625 622 786 684 haue
811 623 1225 705 pere-grinam,
1253 643 1366 703 ego
1394 624 1569 684 il-lud
1619 623 1869 684 sedulo.’
1926 624 2453 688 Manifestissimus
2482 648 2616 690 esse
2643 631 2812 693 vide·

625 730 724 779 tur
746 718 1000 779 creticus
1027 720 1110 793 in,
1137 719 1284 798 griu’
1311 723 1405 799 eg’
1428 721 1504 789 il;
1549 719 1761 793 sedin,
1787 721 1910 793 ille,
1939 719 2063 793 illa,
2090 725 2204 783 dcc.
2234 722 2371 782 olim
2402 725 2559 803 prior
2584 726 2815 805 syllaba

623 825 750 875 erat
768 814 1130 899 communisg
1173 834 1292 894 quo
1313 815 1459 875 nihil
1485 816 1723 875 certius.
1767 814 1919 875 Ibid.
1957 818 2091 875 141.
2134 822 2151 849 ⁴
2175 815 2351 877 Nunc
2371 828 2537 878 tuum
2560 830 2657 881 est
2678 822 2812 881 offi-

620 910 774 969 cium
801 909 910 970 has
937 912 1088 971 bene
1115 922 1184 971 ut
1210 910 1520 972 assimules
1543 911 1822 991 nuptias-⁹
1892 910 2000 970 Est
2034 922 2233 971 autem
2259 911 2356 971 hic
2400 932 2605 974 versus
2633 917 2808 993 plane

620 1005 913 1074 trimeter:
955 1025 1098 1085 ergo
1117 1006 1386 1066 Creticus
1415 1005 1474 1064 in
1501 1005 1690 1086 prima
1711 1004 1875 1066 sede.
1917 1004 2014 1064 Ad
2037 1003 2099 1063 id
2120 1015 2390 1085 negatur,
2420 1028 2523 1087 per
2550 1011 2809 1071 collisio-

617 1118 775 1177 nem,
792 1100 1038 1174 scilicet,
1056 1111 1117 1161 et
1135 1103 1450 1182 synizesin,
1472 1102 1555 1161 ita
1571 1110 1638 1161 ut
1654 1102 1733 1161 sit
1750 1100 2069 1179 spondaeus
2092 1100 2152 1160 in
2175 1103 2362 1180 prima
2379 1114 2543 1181 parte
2568 1107 2806 1166 senarii.

778 1195 930 1256 Ibid.
960 1216 1048 1257 sc.
1077 1200 1138 1257 2.
1174 1200 1266 1257 12.
1325 1206 1342 1232 ⁶
1367 1198 1556 1257 Dave.
1635 1197 1807 1256 Hem.
1857 1196 2000 1276 quid
2049 1196 2187 1255 est?
2246 1198 2505 1259 ehodum
2552 1201 2628 1260 ad
2673 1220 2803 1262 me:

936 1292 1080 1371 quid
1105 1292 1203 1352 hic
1229 1292 1399 1353 volt?
1440 1291 1584 1373 quid
1612 1293 1699 1351 ais
1721 1290 1748 1349 ’ἒ
1788 1309 1910 1370 qua
1936 1292 2012 1351 de
2040 1292 2143 1352 re?
2184 1292 2403 1373 rogas?

697 1386 910 1461 Nemo,
949 1386 1183 1447 videtur
1223 1400 1402 1459 certe,
1445 1406 1667 1466 negare
1713 1387 1925 1466 possit,
1976 1387 2119 1467 quin
2166 1388 2263 1449 hic
2308 1390 2387 1450 sit
2430 1391 2698 1453 Creticus
2739 1393 2800 1451 in

612 1491 824 1561 quarta
867 1483 1127 1562 regione,
1174 1502 1311 1542 nam
1339 1501 1542 1543 versus
1590 1492 1687 1542 est
1727 1484 2065 1543 octonarius
2095 1484 2456 1547 acatalectus
2495 1487 2802 1550 iambicus.

611 1576 732 1635 Sed
760 1575 932 1637 vide:
974 1576 1142 1635 aiunt
1168 1575 1225 1635 D
1253 1575 1430 1637 elidit
1471 1578 1670 1657 itaque
1700 1577 2021 1655 spondaeus
2047 1598 2122 1639 ex
2152 1579 2387 1641 Cretico
2414 1582 2534 1642 fiet.

769 1672 906 1732 Act.
933 1691 1012 1732 11.
1030 1692 1116 1733 sc.
1141 1674 1199 1732 6.
1224 1676 1317 1734 17.
1355 1679 1374 1710 ‘
1389 1673 1489 1732 Nil
1507 1683 1748 1754 propter
1766 1673 1922 1733 hanc
1944 1692 2088 1745 rem,
2106 1673 2213 1735 sed
2230 1685 2342 1749 est,
2364 1676 2525 1755 quod
2548 1697 2800 1739 succen-

929 1778 1019 1829 set
1035 1768 1179 1831 tibi:
1207 1769 1286 1829 Et
1302 1788 1438 1829 mox
1457 1788 1474 1829 ε
1506 1778 1524 1804 ⁸
1543 1770 1836 1839 Quidnam
1854 1768 1988 1829 est?
2016 1770 2223 1848 pueril'
2242 1781 2354 1843 est,
2370 1771 2515 1853 quid
2533 1773 2666 1846 est,'
2680 1777 2795 1834 dcc.

685 1864 756 1923 In
783 1872 1032 1943 utroque
1057 1864 1327 1944 exemplo
1355 1866 1650 1927 affirmant
1676 1867 1956 1927 miserum
1982 1864 2129 1926 illud
2159 1865 2217 1926 D
2244 1868 2427 1929 exteri
2453 1866 2687 1944 debere,
2717 1871 2797 1929 ob

604 1958 766 2037 quod
794 1958 1088 2033 meritum,
1115 1959 1337 2021 nescio.

763 2058 898 2120 Act.
929 2078 1024 2119 ιν.
1052 2077 1139 2118 sc.
1161 2061 1222 2117 4.
1249 2060 1352 2121 26.
1449 2064 1466 2093 ⁸
1487 2058 1685 2119 Vestri
1731 2056 1889 2139 cuju'
1922 2057 2176 2119 ve-stri?
2233 2056 2545 2141 Pamphili.
2593 2061 2749 2123 Hem
2776 2082 2793 2122 z

920 2154 1087 2232 quid,
1114 2153 1449 2235 Pamphili?
1466 2154 1483 2181 '

683 2248 796 2307 Est
819 2248 1185 2310 indubitatus
1216 2250 1502 2309 iambicus
1551 2250 1817 2309 senarius
1844 2271 1861 2311 z
1919 2252 2119 2333 itaque
2164 2254 2432 2313 Creticus
2460 2252 2785 2313 secundam

599 2344 802 2411 sedem
827 2346 1162 2424 occupabit,
1189 2363 1308 2422 quo
1352 2354 1412 2403 te
1453 2363 1706 2424 cumque
1735 2347 1998 2421 verteris,
2044 2349 2156 2408 nisi
2186 2349 2437 2428 priorem
2477 2349 2561 2419 in,
2608 2348 2787 2427 cuju',

594 2440 826 2500 brevem
854 2438 994 2497 olim
1021 2438 1206 2499 fuisse
1231 2438 1581 2513 contendas,
1611 2439 1771 2519 quod
1803 2460 1877 2500 au
1906 2444 2032 2504 fieri
2056 2445 2247 2525 possit
2273 2443 2500 2504 dubito.
2558 2443 2783 2503 Tamen

593 2542 655 2593 et
681 2533 759 2595 ad
785 2533 898 2594 hoc
924 2533 1306 2614 respondent,
1333 2534 1623 2616 syllabam
1648 2535 1833 2611 illam,
1870 2538 1981 2618 ju',
2017 2540 2193 2620 plane
2220 2540 2444 2621 perire:
2488 2539 2649 2600 unde
2674 2557 2784 2619 pro

593 2628 828 2689 Cretico
856 2629 1100 2691 habebis
1127 2629 1498 2709 spondaeum.

753 2723 905 2783 Eun.
933 2732 1049 2783 act.
1077 2744 1123 2784 1.
1155 2744 1241 2785 sc.
1276 2728 1330 2787 1.
1360 2727 1458 2785 34.
1501 2732 1519 2760 ‘
1538 2725 1660 2788 Sed
1688 2746 1831 2787 ecca
1868 2730 2029 2810 ip·sa
2064 2731 2364 2810 egreditur
2388 2730 2574 2791 nostri
2609 2729 2779 2789 fundi

907 2819 1255 2882 calamitas?

749 2914 884 2974 Act.
913 2933 1023 2974 111.
1054 2934 1140 2975 sc.
1175 2922 1231 2980 1.
1259 2918 1317 2977 5.
1367 2916 1741 2979 ‘Beda-cam
1769 2916 1877 2981 sed
1920 2940 2156 2983 ec·cum
2184 2920 2463 2983 militem:
2496 2928 2601 2997 ‚est
2624 2920 2779 2980 istuc

906 3009 1153 3070 datum.’

668 3105 858 3165 Nemo
887 3123 1007 3165 uon
1036 3104 1258 3184 dejeret
1297 3125 1432 3167 esse
1469 3107 1765 3168 Creticum
1806 3110 1867 3169 in
1904 3110 2047 3170 locis
2096 3110 2339 3182 notatis,
2370 3118 2447 3184 2at
2474 3109 2642 3169 multi
2672 3130 2775 3171 ne-

582 3208 746 3278 gant.
827 3201 984 3259 Nam
1031 3202 1173 3261 olim
1209 3202 1516 3261 dicebatur
1558 3221 1753 3277 ecum,
1800 3222 1987 3277 ecam,
2034 3204 2175 3283 quia
2223 3224 2343 3263 non
2392 3204 2777 3282 geminabant

580 3295 832 3355 eandem
859 3303 1310 3354 consonantem.

748 3386 900 3449 Ibid.
923 3391 1022 3449 56.
1065 3394 1084 3424 ‘
1106 3390 1196 3448 Tu
1225 3408 1332 3468 par
1355 3390 1484 3468 pari
1513 3389 1725 3450 referto
1752 3390 1914 3469 quod
1944 3410 2103 3453 e·am
2128 3390 2500 3454 remordeat!

577 3484 689 3545 Est
712 3484 1050 3563 planissime
1078 3484 1366 3559 senarius,
1396 3504 1502 3545 seu
1530 3487 1813 3547 trimeter.
1877 3488 2271 3557 Quamobrem
2296 3489 2357 3547 in
2384 3487 2595 3567 quinta
2620 3488 2767 3551 sede

577 3578 690 3640 erit
715 3578 1007 3640 Creticus.
1090 3578 1212 3639 Sed
1237 3588 1302 3639 et
1323 3580 1426 3658 qui
1461 3580 1760 3641 Creticum
1798 3580 1939 3641 hinc
1980 3580 2279 3661 ablegant,
2329 3581 2479 3643 scin’
2530 3592 2592 3643 tu
2622 3583 2769 3663 quid

575 3673 828 3735 dicant!
866 3672 1074 3734 dicunt
1096 3673 1184 3737 illi
1207 3692 1440 3734 versum
1475 3694 1608 3735 esse
1658 3676 1826 3737 aliter
1868 3675 2266 3747 metiendumz
2326 3677 2449 3738 sic:
2509 3678 2600 3741 Tu
2630 3698 2764 3759 par·

573 3768 970 3849 pari-refer·to
991 3768 1152 3848 quod
1179 3770 1719 3832 eam-remor·deat.

655 3864 733 3923 Et
753 3875 895 3927 tunc
921 3864 1032 3929 erit
1056 3875 1396 3944 anapaestus
1431 3867 1492 3926 in
1518 3878 1733 3948 quarta
1761 3864 2121 3931 dimensione
2148 3887 2374 3929 versus.
2458 3866 2528 3927 Id
2556 3878 2758 3927 autem

566 3978 770 4020 verum
795 3978 929 4019 esse
955 3968 1188 4038 potest;
1231 3980 1369 4021 nam
1409 3960 1570 4035 olim,
1611 3981 1767 4036 eum,
1802 3982 1955 4037 eam,
1996 3982 2122 4036 eas,
2169 3982 2364 4036 suum,
2412 3980 2573 4034 suas,
2601 3962 2752 4034 suis,

509 4054 523 4065 ”
570 4059 682 4114 διο.
710 4054 1121 4135 monosyllaba
1161 4066 1347 4129 erant,
1392 4066 1460 4115 ut
1501 4074 1576 4116 ex
1617 4056 1890 4117 Lucretio
1933 4068 2202 4126 constan
2261 4076 2338 4117 ne
2383 4056 2462 4116 ad
2499 4056 2754 4119 Ennium

567 4168 779 4229 usque,
822 4162 884 4231 et
926 4150 1003 4211 ad
1051 4150 1272 4210 Livium
1316 4149 1721 4212 Andronicum
1770 4152 2186 4215 ascendamus.
2271 4150 2393 4215 Sed
2438 4160 2501 4213 et
2540 4151 2752 4219 falsam

566 4243 644 4307 ibi
670 4243 982 4307 lectionem
1011 4264 1166 4320 esse,
1191 4246 1332 4320 dixi,
1359 4247 1588 4326 opinor,
1622 4247 1692 4347 'in
1724 4245 1984 4307 Notulis.
