3234 4934
946 442 1051 489 nn
1093 441 1395 491 comere
1440 442 2070 495 nmnusromsus.
2469 432 2598 497 147

414 583 613 650 Quare
640 591 701 642 et
728 583 943 643 crescit
968 584 1177 655 oratio,
1224 595 1286 644 et
1310 584 1449 645 talis
1488 596 1599 660 est,
1643 596 1714 644 nt
1737 587 1942 665 quavis
1968 585 2184 665 pedum
2213 586 2602 667 dispositione

411 678 602 759 potior
630 678 726 737 sit.
809 679 901 739 lta
943 681 1177 739 curiosa
1218 682 1349 740 haec
1390 682 1634 760 ingenia
1680 701 2086 760 saepenumero
2105 682 2331 763 judicio
2375 698 2605 753 carent.

416 774 509 833 De
534 776 887 835 comicorum
914 795 1187 835 versuum
1216 776 1480 847 materia,
1528 777 1896 855 partiumque
1923 777 2276 857 quantitate,
2306 780 2448 839 satis
2478 780 2601 841 dis-

410 880 676 949 putatum
717 883 844 938 est:
906 870 979 930 de
1034 872 1294 951 ipsarum·
1347 873 1600 950 partium
1651 892 1896 932 numero
1945 873 2227 954 deinceps
2279 874 2598 937 videamus.

412 962 729 1045 PrincipiO,
756 966 918 1045 quod
946 978 1123 1026 antea
1164 968 1221 1026 in
1251 966 1413 1026 libris
1442 965 1518 1026 de
1562 968 1704 1026 Arte
1745 967 1998 1029 Poetica
2026 968 2360 1041 statuimus,
2389 969 2486 1030 hic
2513 992 2604 1032 rea·

410 1062 731 1140 petendum
760 1072 883 1123 est:
914 1062 1137 1123 Versus
1167 1082 1269 1142 per
1297 1062 1462 1123 initia
1482 1072 1686 1123 curtos
1713 1064 1920 1137 fuisse,
1949 1066 2182 1125 duobus
2205 1064 2281 1125 ad
2313 1085 2602 1127 summum

410 1170 724 1219 contentos
752 1160 1030 1239 pedibus.
1095 1159 1165 1219 ld
1194 1159 1355 1239 quod
1384 1171 1445 1221 et
1472 1160 1698 1221 ratione
1719 1161 2268 1239 comprehenditur:
2313 1162 2604 1241 siquidem

416 1264 619 1333 partes
646 1266 775 1314 toto
820 1274 1064 1334 corpore
1114 1256 1339 1334 priores
1369 1265 1543 1315 sunt:
1588 1266 1649 1315 et
1691 1254 2015 1337 exemplis:
2081 1260 2164 1318 sic
2212 1259 2367 1318 enim
2411 1268 2604 1319 ortum

414 1370 547 1411 esse
596 1351 847 1430 primum
898 1351 1193 1410 senarium
1240 1352 1299 1411 in
1329 1350 1619 1430 Apollinis
1655 1372 1875 1432 pugna,
1921 1372 2100 1431 quam
2143 1373 2279 1413 cum
2329 1354 2604 1433 Pythone

412 1447 735 1517 conseruit,
773 1466 847 1506 ex
876 1445 979 1505 illa
1025 1446 1271 1526 simplici
1300 1448 1758 1519 acclamatione:
1804 1452 1858 1521 ἰὴ
1885 1450 2083 1509 παιάν.
2155 1451 2350 1519 Quam
2377 1470 2512 1511 cum
2541 1460 2603 1511 et

414 1542 715 1614 iterarent,
744 1552 805 1603 et
830 1542 1287 1619 frequentarent,
1336 1554 1537 1604 natum
1584 1546 1753 1605 aiunt
1780 1546 2108 1635 senarium:
2152 1565 2272 1625 quo
2299 1556 2605 1625 tantopere

410 1641 469 1699 in
500 1639 623 1699 suis
646 1639 894 1698 oraculis
923 1649 1131 1717 postea
1159 1638 1261 1698 ille
1288 1641 1596 1702 celebrarit
1622 1661 1637 1699 ε
1682 1641 1765 1715 'Iul
1793 1646 1990 1714 παιὰν,
2019 1646 2075 1713 Ιὴ
2090 1648 2293 1715 παιάν,
2323 1648 2379 1714 ἰὴ
2405 1646 2603 1703 παιάν.

416 1735 552 1803 Qua
579 1732 655 1793 de
678 1753 861 1793 causa
886 1732 1045 1811 apud
1076 1744 1347 1796 auctores
1378 1736 1754 1809 Fabularum,
1793 1738 2055 1798 invenias
2083 1740 2261 1799 unica
2283 1758 2430 1799 voce
2457 1758 2600 1799 con-

414 1840 643 1890 tentum
666 1848 897 1889 versum
924 1850 940 1889 :
972 1839 1052 1888 -ut
1076 1829 1136 1888 in
1168 1831 1455 1893 Eunucho
1480 1853 1497 1893 :
1541 1842 1557 1868 ‘
1584 1833 1838 1894 Occidi!
1899 1834 2020 1893 Sed
2045 1844 2109 1895 et
2130 1834 2602 1915 monosyllabum

416 1926 751 1987 interdum:
816 1935 884 1985 ut
922 1925 982 1983 in
1028 1925 1317 1987 Hecuba:
1375 1927 1503 1987 Φεῦ.
1604 1930 1683 1987 Et
1727 1928 1933 1991 eadem
1965 1930 2263 2008 geminata
2288 1949 2453 2003 voce,
2483 1932 2604 1992 dis·

414 2021 617 2081 tinctoe
644 2038 844 2093 voces,
882 2021 1033 2079 utin
1075 2019 1275 2095 Pluto,
1322 2024 1477 2083 utin
1507 2024 1757 2085 Oreste:
1800 2024 1862 2095 ἆ,
1889 2024 1950 2085 ἅ.
2036 2027 2113 2085 Et
2137 2026 2494 2104 conjuncta:
2536 2034 2634 2085 ut'

420 2118 481 2176 in
511 2116 843 2177 Philoctete
893 2115 1246 2196 Sophoclis:
1302 2119 1646 2181 ’Arrun-arci.
1732 2121 2018 2199 Repetitis
2060 2120 2274 2181 deinde
2319 2121 2603 2181 tractibus

415 2200 818 2292 productiores
846 2212 1027 2274 facti:
1094 2226 1162 2274 ut
1202 2214 1262 2273 in
1292 2216 1603 2277 Nubibus:
1648 2202 1913 2288 Ἰοῦ,’ῑού.
1996 2216 2126 2276 Hoc
2153 2235 2390 2295 quoque
2430 2217 2514 2275 ita
2541 2218 2602 2276 in

418 2310 755 2370 Trinummo
801 2309 1173 2390 duplicatum
1221 2311 1353 2384 fuit,
1403 2322 1471 2370 ut
1513 2310 1760 2371 dimeter
1808 2311 2008 2371 fieret:
2077 2312 2168 2370 ‘O
2220 2312 2520 2384 Callicles,
2549 2312 2602 2370 Ο

418 2405 735 2466 Callicles.'
814 2406 993 2485 Ergo,
1037 2428 1174 2468 cum
1216 2407 1333 2467 duo
1362 2407 1581 2486 pedum
1609 2417 1812 2468 essent
1839 2426 2079 2487 genera,
2123 2407 2369 2468 alterum
2413 2419 2604 2469 moto·

418 2502 589 2575 rium,
616 2504 862 2562 alterum
894 2504 1199 2565 statarium
1226 2524 1243 2563 :
1286 2505 1387 2583 qui
1420 2524 1620 2564 versus
1649 2524 1722 2564 ex
1751 2504 2011 2563 motoriis
2038 2512 2399 2576 constarent,
2441 2504 2504 2563 in
2532 2503 2604 2565 iis

417 2596 588 2657 binos
615 2598 798 2677 pedes
828 2600 1075 2678 singulis
1099 2600 1383 2659 collectos
1410 2601 1696 2661 tractibus
1722 2600 2048 2659 feriebant:
2077 2600 2177 2677 qui
2207 2609 2402 2659 autem
2425 2620 2458 2659 e
2487 2612 2608 2660 sta·

418 2693 581 2753 tariis
598 2694 1027 2769 conflabantur,
1054 2695 1203 2755 satis
1220 2695 1519 2755 habebant
1544 2714 1717 2755 suum
1737 2694 1950 2774 cuique
1981 2694 2108 2754 sedi
2135 2695 2346 2773 pedem
2370 2696 2604 2757 referre.

422 2789 490 2847 In
520 2790 696 2869 priori
738 2791 931 2851 classe
974 2792 1087 2851 fuit
1110 2790 1547 2870 pyrrhichius:
1614 2790 1782 2869 cujus
1811 2810 2016 2849 versus
2063 2789 2383 2868 Enopolios
2410 2788 2605 2850 dictus

420 2894 552 2945 est:
594 2906 715 2964 quo
742 2887 835 2947 usi
875 2906 1077 2946 sumus
1104 2905 1215 2946 nos
1242 2895 1368 2945 toto
1412 2886 1728 2964 poematio,
1768 2884 1928 2963 quod
1970 2884 2372 2945 dicaveramus
2421 2885 2608 2945 Sileni

422 2978 758 3040 natalibus:
823 2990 839 3016 ‘
866 2982 1053 3041 Modo
1100 2984 1254 3040 citus
1302 2999 1416 3059 ego
1467 2980 1622 3058 pede
1663 2981 1852 3040 celere
1897 2980 2085 3059 magis
2134 2999 2248 3057 ago
2291 3000 2604 3040 numeros:

422 3076 708 3155 Abeoque
734 3077 965 3137 Venere
1014 3074 1167 3135 duce
1216 3075 1349 3135 loca
1378 3093 1554 3153 super
1596 3074 1714 3134 alia
1739 3075 1992 3134 volans!
2072 3076 2151 3134 Et
2196 3074 2505 3153 Euripides
2547 3073 2606 3133 in

426 3171 671 3232 Oreste:
712 3173 889 3250 Χρέσε
931 3175 1168 3253 ἐμόλετέ
1204 3192 1377 3232 ποτ-ετ
1442 3169 1842 3231 Ἀνακὲλαδον
1867 3170 1981 3231 ἀπὸ
2027 3176 2244 3252 λέχεος.
2327 3168 2610 3249 Ejusdem

424 3269 656 3345 generis
712 3281 824 3341 est,
876 3270 1125 3341 iambus,
1178 3268 1494 3341 trochaeus,
1548 3266 1898 3328 tribrachus.
1994 3267 2065 3325 In
2115 3265 2376 3326 secundo
2422 3285 2608 3325 censu

424 3364 745 3443 spondaeus
772 3365 1043 3439 habetur,
1093 3363 1387 3443 dactylus,
1436 3372 1801 3441 anapaestus,
1828 3361 2407 3442 proceleusmaticus,
2435 3362 2610 3421 creti·

425 3478 553 3532 cus,
608 3460 1061 3540 amphimacrus,
1113 3459 1417 3531 bacchius,
1462 3458 1944 3537 palimbacchius.
2033 3457 2243 3536 Neque
2295 3475 2432 3517 vero
2483 3458 2610 3517 sine

428 3555 655 3617 ratione
705 3556 811 3617 fuit
856 3556 989 3617 hoc.
1074 3556 1143 3614 In
1187 3557 1281 3617 his
1324 3575 1582 3635 namque
1630 3557 1896 3629 vocibus,
1946 3556 2354 3616 accentionum
2399 3562 2613 3613 natura

429 3660 701 3727 quatuor,
726 3662 833 3709 aut
871 3652 1129 3730 quinque
1157 3653 1516 3731 temporibus
1542 3652 1821 3730 frequens
1847 3660 1960 3712 est.
2043 3652 2201 3730 Ergo
2229 3651 2454 3710 statarii
2479 3669 2609 3709 ver-

431 3764 535 3805 sus
560 3764 634 3804 ex
660 3745 878 3824 pedum
903 3765 1147 3805 numero
1174 3766 1389 3807 nomen
1440 3748 1744 3808 obtinuere
1768 3767 1783 3806 :
1846 3747 1931 3806 ita
1955 3762 2026 3805 ut
2059 3746 2301 3817 heroici,
2329 3746 2608 3824 quoniam

432 3860 535 3901 sex
584 3839 885 3920 spondaeis
914 3851 1277 3914 constarent,
1324 3842 1539 3901 senarii
1566 3840 1932 3902 dicerentur:
1995 3841 2226 3901 motorii
2267 3850 2464 3900 autem
2489 3858 2612 3897 non

430 3936 607 3999 item:
652 3936 755 4015 qui
796 3938 872 3997 ob
901 3937 1262 3997 celeritatem
1304 3937 1449 3997 satis
1480 3936 1832 4009 habuerunt,
1878 3958 1952 3996 ex
1977 3936 2220 3997 dimidio
2247 3946 2474 3997 tantum
2505 3952 2612 3993 no-

434 4050 567 4092 men
598 4034 708 4092 sibi
732 4033 1023 4093 retinere:
1079 4042 1389 4113 propterea
1433 4034 1595 4114 quod
1639 4033 1764 4093 bini
1809 4033 2114 4115 prodirent
2156 4029 2372 4091 simul:
2435 4039 2612 4107 atque

436 4130 519 4188 ita
543 4129 763 4189 factum
791 4140 903 4202 est,
927 4139 1014 4202 ut,
1042 4130 1257 4208 quibus
1306 4141 1509 4190 essent
1542 4129 1727 4209 pedes
1772 4130 1917 4200 bini,
1959 4130 2000 4187 ii
2045 4125 2393 4187 monometri
2435 4144 2612 4184 voca«

438 4236 669 4293 rentur:
718 4227 931 4305 quibus
981 4234 1253 4304 quatuor,
1298 4224 1567 4285 dimetri:
1629 4226 1841 4304 quibus
1893 4244 2019 4297 sex,
2066 4222 2342 4285 trimetri:
2400 4221 2630 4301 quibus-
