3234 4934
614 414 743 479 142
1229 427 1500 478 sumus
1547 426 1805 475 cAESAR
1853 426 2225 475 sennenn

612 564 741 638 arte
782 574 942 635 illius
989 573 1297 633 imitatrice
1339 571 1676 633 faciendum
1724 571 1894 631 nobis
1945 580 2058 643 est,
2105 568 2248 630 nihil
2297 578 2398 628 aut
2443 568 2654 641 otiose,
2697 578 2800 629 aut

614 672 915 751 superfluo
943 690 1139 749 agere.
1221 670 1399 747 Ergo,
1448 681 1516 728 ut
1546 677 1780 729 constet
1818 668 1964 727 ratio
2009 666 2412 737 dimensionis,
2459 664 2508 725 si
2547 665 2797 744 recipias

614 766 1222 847 proceleusmaticum,
1278 786 1460 824 unum
1508 776 1738 825 tantum
1787 763 2031 834 moliris,
2088 779 2223 821 cum
2271 759 2430 819 tollis
2479 759 2798 837 digamma.

620 864 684 921 Si
710 864 881 923 malis
910 862 1282 942 tribrachym,
1324 875 1385 921 et
1426 861 1542 922 hoc·
1570 862 1675 921 tibi
1705 861 1856 919 idem
1886 857 2209 922 curandum
2235 866 2347 930 est,
2387 866 2456 915 ut
2483 854 2660 915 tollas
2684 875 2699 914 :
2741 866 2803 914 et

616 970 901 1039 praeterea
942 958 1175 1018 duabus
1214 956 1493 1017 confertis
1538 956 1786 1036 syllabis
1827 953 2197 1015 obscuranda
2236 952 2440 1013 oratio.
2525 952 2702 1022 Nam,
2753 950 2804 1009 si

619 1054 764 1114 nihil
794 1053 970 1114 refert
993 1053 1414 1132 pronuntiesne
1450 1060 1467 1087 ⁶
1492 1052 1756 1124 invidia‚'
1779 1070 1855 1111 an
1885 1056 1903 1085 ⁴
1926 1050 2166 1123 invida‚’
2191 1049 2332 1129 quid
2364 1045 2803 1127 intelligamus?

619 1151 779 1231 qnod
810 1150 860 1210 si
886 1154 984 1227 (ac
1006 1149 1201 1210 verius
1230 1148 1469 1228 quidem
1498 1151 1615 1224 est)
1663 1148 1745 1207 ita
1788 1148 2253 1228 pronuntiemus,
2302 1157 2370 1206 ut
2395 1146 2563 1225 quasi
2591 1160 2804 1203 sonum

618 1245 1001 1308 consonantis
1029 1244 1187 1325 prior
1210 1244 1432 1305 vocalis
1460 1242 1745 1316 obtineat,
1773 1243 1898 1321 jam
1927 1260 2046 1300 non
2075 1242 2151 1301 sit
2177 1241 2501 1321 tribrachys
2533 1238 2804 1318 amplius,

618 1343 728 1404 sed
756 1352 1117 1422 auapaestus.
1204 1339 1359 1399 Nam
1401 1340 1487 1399 ita
1520 1337 1884 1418 pronuntiari
1914 1339 1972 1396 in
1997 1336 2352 1416 quibusdam
2380 1335 2807 1416 proceleusma-

616 1440 751 1500 ticis
771 1440 895 1519 jam
923 1437 1197 1509 diximus,
1226 1446 1287 1495 et
1314 1446 1560 1516 apparet
1582 1455 1657 1495 ex
1686 1434 1788 1493 illo
1812 1453 1980 1493 versu
2014 1433 2247 1493 Poetoe:
2280 1442 2296 1469 ‘
2321 1432 2545 1503 Stellio,
2575 1443 2637 1491 et
2662 1429 2807 1489 luci·
2887 1488 2895 1495 ,

619 1536 774 1613 fugis
797 1541 1089 1611 congesta
1115 1530 1333 1590 cubilia
1357 1529 1603 1590 blattis.’
1670 1529 1748 1589 Et
1773 1528 1932 1607 apud
1965 1528 2308 1589 Horatium:
2353 1536 2370 1565 ⁸
2393 1530 2476 1589 Ut
2501 1526 2808 1587 Nasidieni

610 1632 851 1710 juvitte
878 1646 1051 1687 coena
1084 1626 1283 1685 beati.’
1366 1625 1519 1684 Nam
1566 1624 1724 1685 idem
1771 1642 1983 1684 nomen
2029 1623 2236 1685 aliter:
2279 1630 2296 1660 ‘
2324 1624 2681 1683 Nasidienus
2732 1622 2809 1681 ad

620 1724 791 1787 haec!
872 1722 1069 1791 Quare
1112 1721 1175 1779 in
1220 1721 1407 1801 priore
1436 1739 1630 1793 versu,
1669 1740 1874 1781 omnes
1903 1732 2076 1779 erunt
2103 1720 2372 1800 spondaei
2399 1730 2613 1800 praeter
2638 1718 2804 1798 quin·

620 1834 767 1882 tum.
850 1820 949 1879 Sic
979 1818 1135 1878 enim
1160 1816 1337 1877 etiam
1366 1816 1661 1890 Catullus,
1703 1826 1721 1851 ⁸
1745 1816 1974 1897 pituitae
1993 1820 2009 1846 ³
2047 1818 2292 1897 primam
2319 1836 2453 1877 cum
2490 1815 2808 1897 produxit:

622 1924 640 1953 ⁴
667 1917 1001 1994 Mucusque
1032 1924 1093 1973 et
1119 1913 1277 1973 mala
1304 1914 1517 1991 pituita
1544 1912 1716 1973 nasi.'
1799 1914 1935 1973 Non
1964 1914 2246 1994 corripuit
2273 1913 2554 1974 Horatius
2579 1930 2595 1970 ε
2639 1918 2656 1945 ⁸
2681 1908 2811 1968 Nisi

623 2030 758 2071 eum
787 2010 999 2092 pituita
1024 2009 1274 2070 molesta
1302 2011 1437 2069 est.’
1516 2009 1640 2071 Sed
1689 2010 2060 2092 trisyllabum
2106 2011 2345 2092 posuit:
2388 2010 2472 2068 ita
2513 2018 2582 2068 nt
2617 2004 2811 2067 media

622 2107 792 2168 litera
819 2106 1111 2167 AEolicum
1142 2108 1220 2167 sit
1246 2105 1583 2187 digamma:
1628 2108 1788 2187 quod
1817 2118 1878 2167 et
1905 2109 2134 2169 elicitur
2161 2128 2233 2168 ex
2253 2106 2480 2187 judicio
2510 2104 2647 2163 AElii
2676 2103 2812 2161 Sto-

624 2204 797 2277 lonis,
826 2204 935 2283 qui'
959 2224 996 2263 a
1021 2203 1278 2283 petendo
1306 2204 1486 2265 vitam
1514 2204 1652 2264 duci
1671 2214 1833 2265 ratus
1849 2218 1960 2266 est.
2004 2206 2221 2265 Verum
2244 2202 2404 2283 quod
2431 2204 2490 2261 in
2524 2207 2540 2235 ‘
2562 2199 2782 2259 invidia
2800 2199 2816 2224 ’

622 2299 782 2373 fecit,
809 2309 879 2359 ut
904 2317 1081 2359 unam
1108 2318 1183 2359 ex
1203 2297 1435 2358 duabus
1458 2301 1718 2359 efficeret
1740 2300 2048 2381 syllabam,
2073 2298 2438 2361 commodius
2460 2296 2816 2357 confecisset

627 2397 685 2454 in
731 2404 750 2431 ‘
773 2394 1021 2474 injuria,’
1058 2394 1162 2452 ino
1190 2413 1359 2453 versu
1386 2414 1403 2454 ε
1447 2400 1464 2429 ⁸
1488 2394 1625 2462 Quo
1643 2394 1799 2474 jure,
1829 2416 2063 2475 quaque
2093 2392 2304 2474 injuria
2330 2392 2689 2473 praecipitem
2717 2408 2812 2449 me

624 2493 685 2550 in
725 2490 1034 2570 pistrinum
1080 2487 1286 2548 dabit.'
1366 2490 1534 2549 Sicut
1576 2490 1636 2548 in
1680 2495 1698 2525 ‘
1723 2490 2008 2571 perfidia,’
2047 2490 2304 2570 Prologo
2334 2488 2812 2568 Amphitryonis:

626 2596 644 2621 ⁶
671 2586 809 2645 Non
836 2584 1173 2657 ambitione,
1198 2604 1389 2663 neque
1420 2586 1686 2664 perfidia,
1734 2586 1836 2665 qui
1865 2584 2104 2646 minus!
2183 2585 2253 2644 Id
2281 2584 2441 2665 quod
2471 2585 2521 2643 si
2549 2581 2814 2643 animad-

625 2682 920 2751 vertisset,
959 2700 1082 2740 non
1121 2682 1459 2741 sustulisset
1500 2701 1826 2760 pronomen
1867 2690 1885 2717 ‘
1911 2684 2044 2755 me,'
2083 2681 2245 2762 quod
2285 2700 2503 2761 magna
2534 2700 2669 2741 cum
2697 2698 2817 2739 em-

628 2776 801 2856 phasi
828 2796 898 2837 ac
935 2786 1108 2855 gestu
1136 2775 1213 2835 ad
1251 2777 1515 2837 timorem
1558 2796 1831 2857 personoe
1873 2779 2128 2858 positum
2172 2788 2298 2839 est:
2341 2789 2402 2839 et
2442 2777 2709 2837 omnibus
2757 2776 2816 2833 in

626 2872 1059 2952 exemplaribus
1085 2871 1321 2951 legitur.
1378 2871 1529 2931 Tolli
1555 2883 1753 2933 autem
1776 2874 2066 2935 AEolicum
2095 2874 2446 2934 elementum
2476 2873 2535 2931 in
2559 2890 2631 2931 ea
2651 2890 2818 2941 voce,

627 2969 825 3050 palam
846 2979 940 3030 est
960 2969 1136 3028 etiam
1158 2987 1330 3028 versu
1352 2968 1455 3029 illo
1475 2970 1878 3032 Phormionis:
1911 2978 1930 3007 ‘
1954 2972 2071 3040 Qui
2101 2990 2262 3051 soepe
2284 2980 2520 3051 propter
2539 2968 2817 3029 invidiam

631 3065 898 3125 adimunt
926 3062 1134 3124 diviti:
1218 3065 1429 3144 Neque
1473 3066 1628 3124 enim
1675 3067 1880 3127 mirum
1929 3077 2022 3127 est
2067 3066 2446 3126 adventitiam
2487 3066 2712 3125 literam
2744 3064 2818 3123 de

628 3160 824 3219 medio
866 3158 993 3219 tolli
1041 3160 1211 3237 quasi
1255 3162 1645 3240 peregrinam.
1731 3162 1840 3221 Est
1882 3163 2035 3221 enim
2079 3160 2334 3234 ‘videm'
2371 3159 2517 3220 ’ἱδωε
2561 3160 2716 3219 sicut
2758 3160 2820 3217 in

588 3302 591 3307 .
629 3252 809 3313 verbo
852 3252 1024 3311 ‘vivo
1042 3253 1080 3311 ι’
1128 3252 1243 3311 fuit
1286 3254 1443 3313 enim
1494 3253 1645 3328 βιῶ-ε
1689 3273 1762 3314 eo
1809 3275 2023 3315 versu:
2081 3263 2098 3289 ‘
2125 3256 2386 3315 Liberius
2431 3254 2666 3316 vivendi
2713 3255 2822 3313 fuit

630 3357 917 3427 potestas,
945 3364 1081 3405 nam
1110 3347 1326 3407 antea.'
1411 3347 1565 3407 Puto
1594 3348 1750 3407 enim
1780 3369 1898 3408 non
1931 3350 2246 3411 admodum
2277 3361 2544 3429 vegetam
2574 3364 2820 3412 conteu-

630 3454 869 3524 tamque
893 3442 1079 3503 fuisse
1104 3444 1289 3504 literae
1316 3442 1476 3502 illius
1503 3445 2058 3521 pronuntiationem,
2102 3447 2274 3505 sicuti
2303 3466 2494 3526 neque
2521 3446 2580 3506 in
2629 3452 2648 3481 ‘
2671 3448 2824 3521 ovo,’

632 3558 823 3615 neque
869 3540 931 3598 in
972 3539 1161 3612 ‘ove,’
1198 3558 1334 3599 cum
1380 3538 1607 3601 libitum
1649 3552 1844 3602 esset:
1887 3563 2044 3622 quoe,
2091 3554 2159 3603 ut
2194 3544 2512 3622 asperrima
2541 3553 2634 3603 est
2662 3544 2821 3624 apud

632 3634 983 3706 Germanos,
1024 3634 1107 3692 ita
1132 3650 1303 3712 paene
1328 3632 1551 3694 vocalis
1580 3635 1740 3715 apud
1770 3638 2098 3710 Vascones,
2149 3658 2267 3699 non
2295 3659 2633 3701 consonans
2659 3660 2674 3701 ε
2716 3660 2822 3701 ue-

632 3730 776 3788 dum
807 3738 875 3789 ut
913 3727 1134 3808 duplex
1176 3728 1405 3807 uspiam
1450 3728 1545 3789 sit.
1631 3730 1752 3791 Sed
1797 3750 2169 3813 nequaquam
2219 3754 2326 3815 par
2373 3737 2522 3795 ratio
2564 3736 2676 3796 suit
2719 3746 2823 3796 aut

634 3824 984 3897 necessitas,
1024 3834 1093 3883 ut
1120 3822 1436 3883 elideretur
1462 3824 1619 3884 idem
1651 3824 1969 3905 digamma,
2011 3828 2071 3886 in
2104 3830 2276 3889 verbo
2303 3829 2440 3903 hoc,
2486 3836 2504 3864 ‘
2527 3830 2824 3901 inveniet,’

634 3940 707 3980 eo
734 3938 907 3979 versu
935 3938 1010 3979 ex
1037 3917 1303 3977 Andriaz
1346 3925 1363 3953 ‘
1389 3918 1574 3978 Dabit
1600 3938 1810 3982 nemo:
1855 3924 2111 3984 inveniet
2135 3925 2367 4004 inopem
2395 3926 2614 4006 potius,
2643 3944 2822 4003 quam

634 4026 695 4076 te
732 4016 1022 4095 corrumpi
1066 4013 1263 4074 sinat!
1344 4013 1545 4074 Nihilo
1588 4018 1741 4077 enim
1786 4030 2048 4079 mutatur
2092 4038 2293 4080 versus
2341 4020 2651 4091 dimensi0,
2701 4021 2823 4080 sive

630 4107 897 4183 tollatur,
926 4111 1046 4172 sive
1070 4110 1466 4188 relinquatur:
1496 4129 1700 4189 quare,
1727 4124 1935 4174 contra
1963 4134 2138 4195 quam
2169 4134 2427 4188 sensere,
2456 4116 2622 4175 nullo
2649 4128 2824 4195 pacto

640 4204 859 4265 debeat
884 4208 1031 4269 tolli.
1113 4208 1183 4267 In
1209 4205 1624 4285 conjunctione
1651 4228 1886 4289 quoque
1915 4209 2049 4284 hac,
2093 4220 2110 4246 ‘
2128 4212 2462 4285 enimver0,’
2507 4212 2705 4273 durius
2735 4214 2820 4286 fit,

3203 783 3218 936 —*
