3234 4934
605 427 691 492 12
1488 439 1903 494 raAErA'mo.

605 605 740 661 um,
768 584 940 650 Attii
971 590 1298 657 veternus,
1333 581 1618 648 Pacarii
1646 591 1941 648 verrucae
1982 600 2135 647 cum
2182 581 2357 647 fastu
2388 582 2788 665 repelleren-

607 695 742 764 tur,
785 691 853 749 et
879 685 1292 749 exoletorum
1322 683 1673 749 verborum
1705 683 1987 748 foetores
2014 683 2251 766 procul
2278 683 2791 760 famularentur,

606 786 1006 852 Terentiano
1035 787 1270 851 saltem
1301 791 1509 849 metro
1538 803 1814 867 parcere
1854 783 2170 848 debuerat
2207 782 2629 849 fastidiosum
2662 803 2792 849 sae-

609 889 857 967 culum,
887 893 956 953 et
979 887 1148 953 satis
1169 888 1412 952 habere
1429 886 1769 951 nascentis
1800 886 2217 969 Eloquentiae
2238 887 2381 970 jam
2404 886 2557 950 inde
2582 905 2625 950 a
2652 888 2791 969 pri-

605 991 736 1056 mis
763 968 1188 1055 incunabulis
1217 996 1288 1052 et
1318 989 1656 1070 vagitibus
1686 1006 1805 1070 per
1832 987 2132 1069 singulas
2161 994 2403 1053 aetates
2428 988 2792 1051 incremen-

606 1099 822 1157 torum
847 1091 1129 1173 vestigia
1157 1090 1558 1156 confudisse.
1650 1090 1955 1154 Habebit
1981 1090 2203 1171 igitur,
2233 1090 2301 1153 in
2322 1109 2457 1173 quo
2486 1107 2559 1152 se
2596 1107 2789 1152 exer-

605 1198 761 1258 ceat
785 1193 912 1258 Vir
941 1190 1045 1257 Cl.
1074 1192 1452 1258 Richardus
1483 1193 1855 1270 Bentleius,
1878 1193 1958 1269 si,
1980 1193 2161 1276 quod
2185 1192 2271 1256 ad
2298 1191 2547 1256 Horat.
2578 1190 2789 1254 Serm.

609 1309 690 1358 11.
719 1295 904 1360 5.·79.
924 1313 1077 1379 pag.
1097 1295 1246 1359 513.
1274 1293 1644 1378 profitetur,
1664 1295 2027 1376 aliquando
2055 1313 2302 1359 novam
2321 1293 2605 1358 Terentii
2628 1291 2791 1356 Edi-

603 1395 850 1460 tionem
887 1396 970 1460 ad
1003 1397 1269 1480 priscos
1297 1415 1600 1461 numeros
1630 1397 2067 1462 adornatarus
2096 1403 2216 1462 est.
2304 1395 2507 1472 Sane,
2540 1396 2657 1478 qui
2686 1413 2797 1460 ra·

603 1497 857 1562 tionem
886 1498 1222 1563 metricam
1266 1500 1334 1563 in
1376 1498 1691 1562 Terentio
1719 1498 1919 1561 certis
1943 1498 2203 1580 legibus
2230 1497 2529 1562 innixam
2556 1497 2791 1560 astric-

605 1603 878 1682 tamque
922 1599 1079 1663 dare
1116 1599 1319 1675 volet,
1367 1597 1750 1663 Terentium
1795 1598 2041 1682 ipsum,
2078 1599 2249 1664 forte
2290 1605 2359 1662 et
2403 1597 2685 1662 Laelium
2712 1606 2793 1662 'et

607 1703 1012 1786 Scipionem,
1030 1704 1118 1767 ab
1141 1701 1384 1766 Inferis
1403 1702 1653 1766 excitet
1678 1720 1957 1765 necesse
1984 1707 2105 1766 est.
2159 1701 2319 1765 Nisi
2342 1701 2609 1765 crebras
2634 1719 2791 1784 syn-

605 1804 939 1887 aloephas,
977 1803 1550 1888 episynaloephaS,
1597 1803 2003 1888 collisiones,
2048 1803 2383 1880 elisioneS,
2432 1809 2789 1870 sexcentas

603 1905 914 1969 licentias
943 1905 1116 1969 alias
1141 1905 1348 1988 probe
1378 1907 1683 1987 cognitas
1710 1903 1979 1982 habeat,
2011 1909 2211 1987 atque
2243 1904 2399 1968 inde
2427 1923 2657 1970 versus
2679 1924 2790 1969 ca-

604 2005 970 2082 talecticos,
1023 2005 1518 2082 acatalecticos‚
1543 2003 2258 2088 brachycatalecticos,
2285 1995 2791 2088 hypercatalec-

603 2108 784 2172 ticos
809 2109 1208 2188 constituat3
1251 2107 1380 2170 nisi
1411 2107 1576 2171 inter
1603 2106 1955 2170 scribentis
1985 2103 2242 2182 Po'etae,
2285 2107 2581 2188 interque
2626 2104 2791 2174 His-

602 2210 884 2273 trionum
909 2209 1134 2286 verba,
1165 2209 1287 2273 sed
1319 2217 1388 2272 et
1420 2208 1977 2290 Interpolatorum
2002 2207 2380 2284 audaciam,
2402 2207 2665 2272 demum
2694 2207 2791 2272 in-

604 2319 708 2374 ter
729 2311 1072 2375 innumera
1119 2309 1257 2375 sere
1285 2310 1697 2375 Variantium
1744 2308 2141 2372 Lectionum
2189 2306 2495 2383 divortia,
2549 2327 2592 2371 a
2618 2307 2791 2372 titu-

603 2412 826 2475 bantis
855 2411 1100 2475 calami
1129 2411 1432 2493 lapsibus
1459 2417 1635 2488 orta,
1656 2408 2099 2472 certissimum
2128 2408 2398 2491 ubique,
2428 2409 2607 2491 quod
2630 2408 2793 2472 mihi

603 2512 869 2595 quidem
915 2513 970 2573 ἓν
1017 2510 1302 2585 ἀδυνάτοις
1347 2531 1610 2595 semper
1638 2512 1860 2576 visum
1885 2508 2031 2588 fuit,
2086 2510 2445 2575 discrimen
2470 2508 2789 2592 indigitat,
2888 2559 2897 2566 .

605 2620 691 2691 ct,
722 2612 1062 2695 quodnam
1091 2612 1512 2694 potissimum
1541 2611 1667 2676 iter
1694 2611 2003 2675 insistere
2032 2617 2363 2693 oporteat,
2392 2611 2591 2695 quasi
2618 2610 2791 2676 divi-

606 2731 732 2778 nus
795 2713 1170 2778 Mercurius
1229 2713 1559 2790 ostendat,
1608 2710 1857 2777 frustra
1904 2713 2170 2778 futurus
2214 2721 2341 2789 est,
2388 2713 2789 2797 quicumque

607 2834 788 2897 opus
812 2815 944 2880 hoc
973 2814 1190 2880 moliri
1217 2832 1508 2896 unquam
1529 2814 1728 2880 volet.
1797 2814 2071 2878 Fuerint
2095 2815 2241 2880 baec
2271 2815 2431 2879 olim
2456 2805 2636 2898 apud
2666 2833 2791 2880 sae-

607 2917 832 2983 culum
865 2915 1210 2980 Comicum
1241 2921 1405 2979 nota
1443 2913 1703 2980 Latinis
1748 2915 2055 2995 auribus3
2098 2915 2347 2981 suerint
2383 2916 2487 2980 hae
2527 2915 2787 2982 deliciae

602 3017 890 3100 prolatis
935 3017 1070 3081 illis
1113 3017 1344 3095 labris,
1392 3015 1629 3082 Attico
1672 3018 1879 3096 melli,
1930 3017 2159 3082 Tusco
2202 3018 2416 3101 lepori
2460 3018 2790 3098 assuetis3

602 3119 937 3183 enimvero
983 3118 1118 3182 alia
1165 3126 1414 3185 nostrae
1459 3120 1683 3184 oetatis
1714 3118 2057 3182 bominum
2094 3119 2265 3182 ratio
2304 3125 2438 3198 est3
2482 3126 2791 3202 essetque

603 3218 758 3295 alia,
799 3219 1057 3300 opinor,
1088 3218 1146 3281 si
1175 3219 1468 3282 maxime
1511 3219 1899 3302 Scriptores
1946 3219 2292 3296 Metricos,
2336 3226 2403 3283 et
2434 3217 2559 3304 mg}
2588 3225 2699 3282 τῶν
2738 3221 2792 3280 ἂν

599 3319 872 3402 ποιήμασι
896 3325 1191 3404 ταραχῶν,
1221 3338 1375 3384 cum
1405 3318 1713 3399 GraecoS,
1760 3329 1899 3386 tam
1934 3320 2283 3384 Romanos
2309 3321 2509 3403 longa
2534 3320 2785 3386 dudum

600 3441 732 3486 non
761 3421 1109 3486 delevisset
1135 3419 1306 3484 dies.
1397 3421 1645 3486 Dicam
1670 3423 1874 3487 etiam
1914 3421 2244 3504 amplius;
2290 3421 2559 3487 facilius
2587 3421 2791 3488 fuerit

599 3523 995 3605 Taraxippo
1039 3541 1362 3605 equorum
1411 3524 1482 3585 in
1534 3523 2011 3608 Hippodromo
2066 3525 2463 3589 currentium
2506 3542 2787 3607 pavores

602 3642 1051 3701 averruncare,
1095 3643 1296 3707 quam
1321 3625 1440 3689 ulli
1473 3625 1755 3692 Scenico
1786 3627 2066 3692 Numini
2113 3626 2545 3690 Histrionum
2584 3625 2788 3692 offen-

601 3728 822 3790 siones
849 3743 966 3789 seu
995 3743 1368 3809 procurare,
1398 3745 1523 3791 seu
1548 3729 1799 3793 tollere.
1884 3726 2026 3792 Aut
2052 3728 2253 3810 igitur
2280 3728 2513 3792 nescio
2532 3729 2645 3792 cui
2665 3727 2793 3793 du-

601 3847 696 3892 rae
735 3832 804 3891 et
841 3843 1064 3890 cascae
1119 3827 1410 3892 licentiae
1449 3828 1941 3911 indulgendam,
1986 3835 2099 3894 aut
2142 3831 2309 3896 bene
2356 3831 2567 3896 multa
2592 3833 2690 3895 ita
2714 3832 2785 3894 in

603 3929 775 3993 alias
816 3927 1065 3992 formas
1104 3927 1451 4006 varianda,
1495 3934 1570 3993 ut
1609 3931 1985 3997 Terentium
2032 3932 2102 3996 in
2149 3932 2463 3996 Terentio
2506 3949 2787 4015 quaeras.

603 4031 868 4094 Horum
893 4036 1110 4094 utrum
1139 4029 1362 4093 minus
1391 4049 1671 4097 necesse
1702 4033 1811 4111 sit,
1842 4035 2056 4098 dicam
2080 4035 2272 4118 quasi
2300 4052 2343 4097 a
2362 4029 2651 4097 Censore
2678 4053 2787 4098 ro·

604 4137 825 4212 gatus,
860 4147 960 4196 nx
1011 4148 1237 4196 Amin
1287 4148 1746 4212 suarm-trux,
1778 4133 1937 4200 Non
1976 4137 2199 4201 video.
2285 4133 2487 4198 Metri
2516 4134 2783 4217 quidem

605 4233 1004 4300 mentionem
1045 4233 1208 4302 facit
1237 4235 1544 4303 Donatus
1575 4237 1661 4302 ad
1693 4237 2035 4306 Phorm.1.
2065 4238 2131 4305 4.
2150 4236 2263 4303 48.
2308 4243 2377 4302 et
2418 4236 2575 4302 alibi
2620 4255 2784 4300 non·
