3234 4934
1251 441 1348 489 nn
1391 441 1775 491 ramma.
2516 433 2605 498 ⁷3

417 595 796 663 tangerentur
839 602 874 643 a
923 601 1092 655 voce,
1139 584 1398 642 sonitum
1446 583 1711 645 facerent
1755 585 1907 646 inter
1948 603 2033 646 se.
2121 587 2327 666 quue
2364 589 2604 651 artificio

415 680 706 741 collocata
734 680 986 752 fuerunt,
1013 691 1082 740 ut
1107 680 1334 740 nullum
1359 681 1639 759 parietem
1662 691 1995 762 tang-erent,
2026 683 2299 764 circaque
2318 683 2607 748 haberent

415 776 610 836 locum
637 795 908 848 vacnum,
957 789 1020 836 et
1055 795 1284 836 summo
1311 775 1508 856 capite
1535 777 1813 856 spatium,
1854 779 2341 860 ponebanturque
2366 792 2427 840 et
2470 801 2607 842 sus·

415 893 603 952 pensa
629 875 1019 933 cernebantur
1045 891 1146 932 ore
1175 872 1408 942 declivi,
1453 881 1522 931 ut
1555 874 1614 933 in
1643 873 1715 933 iis
1742 893 1857 935 vox
1884 888 2146 936 actorum
2175 878 2445 956 ingressa
2472 879 2609 938 har-

414 969 667 1029 moniam
695 969 973 1040 efficeret,
1001 979 1064 1030 et
1089 969 1339 1047 gratiam
1369 968 1669 1046 quandam
1690 969 1923 1031 afferret
1946 975 2401 1051 spectatoribus,
2420 981 2607 1055 utque

415 1065 716 1126 intellectu
745 1065 972 1126 facilior
998 1075 1177 1124 esset.
1259 1063 1406 1124 Tale
1434 1065 1719 1143 quiddam
1746 1067 1929 1127 audio
1962 1069 2159 1128 adhuc
2202 1069 2379 1130 hodie
2406 1083 2609 1134 extare

415 1164 476 1222 in
502 1161 858 1243 quibusdam
885 1161 1120 1240 templis
1149 1163 1430 1241 antiquis,
1481 1181 1617 1241 quoe
1654 1181 1816 1223 nunc
1844 1183 2081 1244 quoque
2110 1178 2427 1246 supersunt
2455 1170 2609 1230 inte·-

415 1279 541 1342 gra,
568 1259 728 1340 apud
755 1270 978 1319 nostroe
1003 1259 1370 1337 tempestatis
1392 1257 1661 1319 Graecos.
1720 1261 1787 1318 In
1814 1279 2060 1341 quorum
2089 1264 2308 1325 fornice
2336 1265 2607 1326 inferiore

415 1365 593 1436 atque
621 1357 920 1436 superiore
951 1356 1109 1416 varia
1136 1370 1278 1416 sunt
1303 1357 1594 1416 foramina
1637 1357 1775 1418 hinc
1821 1358 1959 1419 inde
2003 1377 2347 1438 conspersa,
2400 1379 2469 1422 ac
2498 1363 2607 1422 sibi

412 1454 594 1515 veluti
636 1473 708 1513 ex
737 1452 1026 1513 diametro
1053 1455 1127 1514 ab
1157 1471 1276 1512 uno
1307 1452 1384 1513 ad
1413 1453 1574 1513 aliud
1603 1454 1762 1514 latus
1790 1457 2339 1535 correspondentia,
2386 1457 2447 1516 in
2476 1459 2605 1537 qui·
2720 1509 2727 1515 .

414 1552 526 1610 bns
556 1569 698 1610 vasa
725 1569 896 1610 aenea
921 1551 1177 1630 impacta
1205 1558 1366 1625 sunt,
1393 1569 1642 1629 quorum
1666 1569 1735 1611 os
1756 1553 1943 1632 (quod
1968 1554 2277 1632 angustius
2294 1563 2407 1628 est,
2428 1573 2607 1634 quam

411 1649 538 1726 ipse
573 1650 802 1722 venter)
843 1656 1074 1706 tantum
1119 1648 1372 1708 exterius
1421 1657 1606 1728 patet,
1657 1667 1776 1708 non
1822 1651 1999 1710 etiam
2044 1651 2354 1729 prominet.
2436 1652 2507 1710 ln
2534 1671 2609 1711 ea

413 1761 577 1818 vasa,
625 1762 740 1804 vox
783 1743 840 1802 in
869 1743 1092 1823 templo
1119 1746 1456 1804 canentium
1483 1744 1719 1807 inclusa
1744 1745 2141 1808 incredibilem
2168 1749 2349 1808 efficit
2374 1747 2609 1808 harmo-

413 1842 590 1913 niam,
639 1859 939 1920 sonosque
965 1841 1468 1915 distinctissimos,
1517 1853 1580 1903 et
1607 1841 1931 1903 admodum
1958 1854 2182 1922 gratos,
2232 1854 2411 1924 atque
2438 1844 2609 1906 aditu

413 1937 637 1998 faciles.
725 1937 846 1997 Sed
901 1938 961 1995 in
1018 1937 1264 1998 theatris
1317 1957 1460 1998 vasa
1515 1939 1793 2019 resupina
1846 1940 2379 2020 suspendebantur.
2461 1941 2607 2002 Tale

413 2033 560 2112 quid
603 2043 799 2094 autem
841 2033 1048 2091 Romae
1075 2033 1297 2093 factum
1327 2034 1512 2094 fuisse
1539 2034 1663 2094 s'uis
1688 2035 2049 2114 temporibus
2078 2045 2258 2114 negat
2284 2035 2606 2110 Vitruvius,

415 2129 524 2190 sed
551 2130 610 2188 in
641 2129 829 2188 ltaliae
859 2128 1196 2208 regionibus
1223 2140 1284 2191 et
1309 2130 1369 2190 in
1399 2131 1665 2210 pluribus
1695 2131 2037 2192 Graecorum
2064 2131 2416 2192 civitatibus.
2480 2133 2611 2192 Un-

414 2228 490 2286 de
522 2227 736 2287 Lucius
781 2225 1104 2285 Mummius
1133 2226 1330 2288 diruto
1357 2227 1797 2288 Corinthiorum
1822 2227 2079 2286 Theatro
2108 2227 2235 2306 ejus
2264 2247 2435 2288 oenea
2463 2247 2611 2290 vasa

415 2321 664 2384 Romam
693 2323 1044 2403 deportavit.
1131 2324 1308 2385 Multi
1357 2327 1534 2387 etiam
1579 2324 1907 2395 architecti,
1951 2325 2053 2404 qui
2102 2324 2161 2384 in
2206 2323 2441 2404 oppidis
2484 2343 2607 2384 non

414 2420 646 2500 magnis
673 2419 930 2480 Theatra
955 2429 1432 2496 construxerunt,
1461 2432 1701 2504 propter
1726 2423 1861 2483 seris
1889 2421 2167 2500 inopiam,
2196 2421 2471 2482 fictilibus
2499 2421 2609 2482 do·

414 2517 506 2577 liis
531 2518 616 2576 ita
643 2516 992 2576 sonantibus
1021 2517 1246 2590 electis,
1291 2517 1405 2580 hac
1433 2519 1885 2580 ratiocinatione
1912 2516 2275 2596 compositis,
2322 2518 2418 2577 usi
2446 2527 2606 2580 sunt.

416 2615 789 2692 Quapropter
817 2612 1044 2673 Plinius
1071 2616 1175 2686 ait,
1215 2616 1276 2674 in
1305 2615 1576 2676 'I'heatris
1605 2633 1811 2676 vocem
1840 2615 2055 2693 optime
2080 2633 2312 2675 currere
2340 2615 2399 2673 in
2430 2614 2607 2675 doliis

412 2709 710 2772 inanibus.
791 2711 860 2768 ln
910 2711 1122 2791 ligneis
1163 2720 1356 2772 autem
1381 2712 1653 2773 Theatris
1697 2713 1808 2788 (ait
1831 2709 2177 2786 Vitruvius),
2217 2729 2353 2790 quae
2396 2711 2607 2771 Romoe

411 2808 634 2887 passim
663 2807 902 2878 flebant,
931 2827 1052 2868 non
1079 2817 1205 2868 erat
1229 2808 1388 2867 vasis
1417 2808 1601 2867 asneis
1630 2823 1802 2886 opus,
1838 2825 1975 2867 cum
2002 2806 2396 2868 tabulationes
2424 2806 2609 2866 babe-

412 2913 544 2964 rent
585 2901 938 2981 complures,
989 2921 1140 2981 quas
1189 2921 1400 2961 sonare
1447 2920 1695 2962 necesse
1738 2909 1883 2960 erat.
1964 2901 2180 2961 Aditus
2223 2902 2497 2981 permulti
2546 2913 2609 2963 et

413 2999 660 3078 spatiosi
685 2997 958 3077 dispositi
983 3007 1152 3058 erant
1193 2999 1351 3057 circa
1389 2998 1731 3068 Theatrum,
1780 3015 1891 3056 nec
1934 2997 2233 3075 conjuncti
2278 2997 2609 3074 superiores

413 3094 805 3165 inferioribus,
843 3093 948 3154 sed
975 3113 1048 3153 ex
1075 3093 1346 3152 omnibus
1375 3093 1522 3154 locis
1549 3093 1818 3172 perpetui
1844 3103 1907 3152 et
1932 3091 2158 3164 directi,
2189 3092 2317 3152 sine
2343 3093 2609 3152 inversu-

412 3191 532 3253 ris:
575 3191 683 3264 uti,
730 3209 862 3251 curn
889 3191 1148 3272 populus
1179 3191 1583 3251 dimittebatur
1611 3209 1645 3251 e
1674 3189 2058 3270 spectaculis,
2104 3205 2225 3248 non
2263 3189 2608 3268 comprime·-

411 3298 590 3357 retur,
633 3288 741 3348 sed
785 3288 1144 3350 haberet‘ex
1171 3287 1442 3349 omnibus
1471 3288 1618 3349 locis
1650 3288 1842 3348 exitus
1872 3299 2178 3368 separatos
2208 3287 2333 3346 sine
2362 3286 2609 3367 impedi-

411 3384 591 3445 tione.
675 3384 992 3465 Reliquum
1021 3385 1259 3447 Theatri
1309 3387 1616 3447 artificium
1644 3405 1681 3445 a
1709 3386 1897 3464 gradu
1928 3385 2188 3444 omniurn
2219 3384 2517 3463 superiore
2545 3383 2607 3442 in

411 3479 785 3542 altitudinem
815 3481 988 3542 trium
1017 3482 1530 3561 contignationum
1556 3491 1964 3561 exporrectum
1994 3490 2142 3552 erat,
2194 3479 2373 3539 etiam
2415 3478 2475 3537 in
2502 3479 2609 3538 be·

413 3577 765 3654 micyclum:
809 3587 988 3656 atque
1029 3579 1114 3638 ita
1155 3579 1608 3648 exaedificatum,
1658 3588 1726 3638 ut
1769 3578 2029 3657 porticus
2081 3575 2376 3636 efficeret:
2418 3575 2608 3635 unde-

411 3691 662 3751 cumque
705 3683 998 3753 patenteS,
1045 3685 1106 3735 et
1144 3675 1432 3736 columnis
1473 3675 1614 3736 hinc
1659 3685 1722 3736 et
1764 3673 1903 3734 inde
1932 3672 2255 3734 ornatiores
2286 3673 2497 3742 factas,
2546 3673 2606 3730 iu

412 3785 562 3847 quas
589 3768 846 3848 populus
875 3787 938 3827 se
966 3771 1269 3851 reciperet,
1305 3773 1354 3832 si
1384 3774 1627 3853 quando
1655 3781 1893 3852 propter
1924 3771 2137 3830 imbres
2166 3777 2273 3828 aut
2298 3767 2432 3828 coeli
2458 3775 2607 3826 tem-

291 3893 298 3899 ·
409 3875 698 3944 pestatem
731 3865 926 3924 minus
955 3867 1346 3940 commodam,
1393 3869 1519 3929 ludi
1566 3867 2099 3948 interpellarentur.
2185 3865 2329 3923 Eam
2367 3862 2608 3922 Theatri

409 3971 637 4042 partem
688 3959 1146 4022 Praecinctiones
1191 3964 1421 4024 videtur
1448 3965 1749 4046 appellare
1777 3963 2120 4023 Vitruvius:
2165 3961 2416 4031 Plinius,
2459 3965 2476 3994 ‘
2502 3977 2610 4037 pa·-

411 4058 614 4118 rietem
641 4058 1124 4139 circumjectum!
1206 4061 1326 4120 Sed
1369 4063 1677 4124 inferiores
1706 4072 1769 4122 et
1792 4061 1893 4121 imi
1922 4059 2161 4120 Theatri
2202 4055 2465 4137 porticus
2494 4055 2611 4116 dn·

411 4153 592 4240 plices
641 4168 832 4227 erant,
873 4155 1186 4238 mediaque
1229 4159 1422 4238 spatia
1471 4161 1582 4220 sub
1630 4159 1767 4219 divo
1816 4160 1968 4218 inter
2016 4154 2277 4237 porticus
2324 4151 2605 4214 viridibus

412 4250 868 4326 adornabantur,
923 4253 1082 4333 quod
1128 4254 1348 4333 (inquit
1395 4254 1723 4331 Vitruvius)
1776 4252 2123 4336 Hypoethrae
2175 4249 2605 4313 ambulationes
