3234 4934
864 713 2242 833 AELIIDONATn

1014 917 1079 968 V.
1112 916 1173 968 C.
1210 915 1573 966 ORA‘roms
1608 916 1822 967 Uams
1856 917 2105 982 ROMAE,

680 1083 1213 1150 «PRAEFATIO
1262 1082 1372 1148 IN
1415 1081 1890 1148 ANDRIAM
1933 1084 2430 1152 TERENTII.

461 1281 792 1344 Comama
822 1284 1123 1353 Annam,
1152 1301 1288 1342 cum
1330 1280 1585 1342 Palliata
1627 1282 1722 1353 sit,
1763 1280 1842 1341 de
1876 1282 2010 1343 loco
2037 1303 2249 1345 nornen
2281 1287 2528 1365 accepit,
2573 1289 2646 1346 a'

459 1379 794 1441 Menandro
823 1380 1006 1460 prius,
1046 1390 1107 1440 et
1134 1398 1294 1438 nunc
1322 1381 1396 1438 ab
1425 1378 1556 1458 ipso
1583 1377 1897 1438 Terentio:
1941 1377 2062 1459 qui,
2093 1400 2226 1440 cum
2253 1379 2327 1442 de
2358 1381 2650 1462 Chryside

456 1474 811 1555 loqueretur,
854 1476 940 1535 sic
969 1476 1082 1535 ait:
1129 1483 1146 1510 ⁸
1172 1473 1309 1546 Hei,
1336 1493 1557 1546 vereor,
1602 1493 1678 1534 ne
1719 1472 1861 1552 quid
1902 1475 2128 1534 Andria
2154 1487 2426 1555 apportet
2449 1478 2592 1538 mali
2616 1480 2654 1538 ι’

455 1581 518 1630 et
544 1572 659 1631 hoc
687 1589 995 1632 commune
1021 1569 1373 1630 vocabulum
1402 1579 1496 1628 est
1521 1579 1584 1629 et
1608 1569 1666 1628 in
1711 1569 1926 1628 Graeca
1965 1581 2028 1629 et
2071 1569 2130 1629 in
2161 1571 2372 1632 Latina
2421 1573 2648 1652 lingua.

458 1665 607 1727 Hoec
638 1667 841 1748 majori
869 1687 941 1728 ex
984 1677 1151 1748 parte
1198 1665 1457 1725 Motoria
1503 1675 1634 1734 est;
1676 1665 2058 1743 continetque
2105 1677 2273 1727 actus
2323 1678 2648 1732 amatorum

454 1764 945 1836 adolescentium,
984 1775 1047 1824 et
1070 1773 1302 1843 patrum
1331 1762 1581 1842 piorum.
1666 1761 1819 1820 Sunt
1845 1761 1925 1821 ibi
1962 1761 2164 1823 callidi
2209 1766 2383 1836 servi,
2432 1778 2646 1828 astutoe

454 1861 709 1930 ancillae,
740 1861 923 1920 severi
956 1878 1151 1929 senes,
1178 1857 1607 1918 adolescentuli
1646 1857 1941 1918 liberales.
2023 1860 2091 1918 In
2119 1860 2254 1934 hae,
2281 1863 2484 1941 primae
2514 1883 2648 1944 par-

452 1967 545 2017 tes
572 1956 735 2016 senis
764 1955 1021 2016 Simonis
1049 1965 1211 2024 sunt,
1252 1953 1533 2014 secundae
1564 1953 1740 2024 Davi,
1780 1954 1969 2014 tertioe
1998 1954 2347 2028 Chremetis,
2391 1968 2455 2016 et
2479 1958 2647 2019 dein-

452 2068 593 2132 ceps
623 2051 997 2130 reliquorum.
1078 2047 1371 2129 Prologus
1400 2050 1461 2108 in
1488 2049 1605 2110 hac
1634 2067 1770 2108 acer
1795 2047 2116 2121 inducitur,
2161 2061 2222 2110 et
2267 2051 2328 2110 in
2371 2053 2646 2114 adversa-

450 2148 566 2210 rios
595 2167 715 2207 non
742 2145 1114 2208 mediocriter
1134 2157 1540 2225 exasperatus,
1568 2143 1674 2204 sed
1704 2155 1900 2205 tamen
1932 2144 1989 2203 id
2021 2146 2330 2216 subtiliter,
2353 2159 2422 2207 ut
2449 2151 2648 2212 omnia

446 2243 761 2304 lacessitus
790 2243 981 2304 facere
1007 2241 1295 2314 videatur,
1324 2261 1395 2302 ac
1424 2239 1638 2302 dicere.
1726 2239 1841 2301 Hic
1870 2241 2124 2320 protasis
2153 2241 2408 2316 subtilis,
2458 2245 2646 2326 epita-

448 2340 531 2400 sis
576 2339 963 2412 tumultuosa,
1004 2338 1384 2418 catastrophe
1430 2357 1601 2418 paene
1649 2336 1914 2415 tragica3
1957 2347 2020 2396 et
2063 2347 2258 2396 tamen
2305 2352 2544 2419 repente
2571 2362 2644 2403 ex

445 2435 539 2496 his
565 2435 753 2496 turbis
795 2437 856 2494 in
906 2433 1284 2514 tranquillum
1334 2432 1622 2512 pervenit.
1706 2431 1858 2491 Haec
1899 2431 2089 2510 prima
2129 2443 2264 2493 acta
2311 2445 2406 2494 est
2446 2435 2646 2497 ludis²

448 2531 916 2612 Megalensibus,
944 2529 1033 2590 M.
1064 2529 1285 2606 Fulvio,
1326 2539 1389 2589 et
1428 2529 1517 2589 M.
1565 2525 1888 2587 Glabrione
1929 2526 2226 2588 AEdilibus
2273 2529 2643 2595 CurulibuS.³

446 2623 713 2705 Egerunt
740 2625 805 2688 L.
836 2625 1079 2686 Attilius
1118 2623 1521 2686 Praenestinus
1565 2633 1626 2683 et
1673 2623 1740 2682 L.
1771 2620 2072 2682 Ambivius
2099 2623 2338 2702 Turpio.
2420 2626 2640 2688 Modos

444 2721 586 2783 fecit
616 2721 890 2795 Flaccus,
919 2719 1156 2783 Claudii
1184 2719 1359 2792 filius,
1396 2718 1551 2779 tibiis
1578 2717 1842 2798 paribus,
1870 2717 2091 2778 dextris
2121 2733 2181 2779 et
2205 2719 2480 2800 sinistris.
2565 2724 2643 2784 Et

444 2829 539 2879 est
566 2829 693 2878 tota
721 2819 955 2890 Graeca,
1002 2816 1161 2878 edita
1198 2817 1290 2876 M.
1320 2813 1611 2875 Marcello
1636 2824 1698 2874 et
1723 2815 1838 2874 Cn.
1867 2812 2130 2892 Sulpicio
2159 2815 2337 2876 Coss.
2367 2817 2640 2879 Pronun-

443 2915 708 2992 tiataque
754 2925 847 2974 est
896 2915 1173 2973 Annam
1224 2913 1585 2981 Tnmurrn,
1639 2911 1718 2969 ob
1761 2909 2124 2988 incognitum
2181 2911 2378 2973 adhuc
2425 2932 2638 2976 nomen

444 3008 672 3080 Poetae,
713 3016 774 3069 et
821 3010 1060 3068 minoris
1098 3007 1259 3088 apud
1297 3006 1582 3086 populum
1610 3006 1977 3066 auctoritatis
2017 3024 2088 3066 ac
2134 3007 2344 3066 meriti.
2430 3008 2640 3069 Diver:

442 3105 553 3164 biis
583 3115 688 3165 aut
712 3102 1012 3165 canticis⁴
1050 3101 1244 3182 lepide
1274 3101 1555 3161 distincta
1580 3110 1711 3160 est:
1755 3109 1836 3172 et,
1881 3119 2164 3160 successu
2207 3111 2476 3182 spectata
2502 3121 2638 3184 pro-

442 3220 637 3280 spero,
677 3201 1051 3260 hortamento
1100 3199 1303 3259 Poetae
1356 3196 1469 3257 suit
1512 3195 1590 3256 ad
1643 3194 1788 3255 alias
1837 3195 2317 3258 conscribendas.
2402 3199 2636 3263 Initium

438 3307 637 3358 autem
668 3296 994 3372 προτακτικὸν
1026 3299 1341 3372 πρόσω-πον,
1383 3291 1442 3351 id
1488 3302 1601 3364 est,
1645 3290 2024 3351 adventitiam
2075 3310 2388 3370 personam
2415 3300 2639 3376 recepit

442 3391 652 3464 Sosioe,
680 3403 918 3473 propter
942 3391 1329 3453 evolvendam
1359 3386 1690 3469 argumenti
1717 3387 2155 3448 obscuritatem.
2237 3389 2502 3452 Persona
2529 3413 2635 3453 au-

438 3497 560 3544 tem
586 3489 875 3566 protatica
899 3507 972 3548 ea
996 3488 1364 3568 intelligitur,
1412 3505 1569 3566 quse,
1618 3485 1806 3545 semel·
1838 3483 2087 3544 inducta
2113 3485 2172 3565 in
2200 3487 2488 3566 principio
2519 3490 2632 3549 Fa-

438 3581 616 3656 bulae,
642 3583 701 3641 in
732 3585 911 3644 nullis
941 3585 1220 3666 deinceps
1252 3582 1496 3643 Fabulae
1523 3581 1790 3662 partibus
1819 3579 2148 3643 adhibetur.
2206 3585 2634 3648 Annotandum

441 3697 607 3752 sane,
636 3677 965 3756 puellarum
984 3685 1003 3718 ⁵
1035 3679 1362 3742 liberalium
1382 3679 1606 3740 nullam
1628 3677 1953 3738 orationem
1982 3677 2040 3736 in
2071 3680 2381 3758 proscenio
2407 3681 2632 3756 induci,

505 3871 532 3917 1
570 3867 641 3917 Et
660 3885 691 3918 a
712 3867 841 3919 dant
862 3869 984 3919 edd.
1009 3869 1198 3934 Delpb.
1218 3877 1277 3919 et
1298 3871 1362 3918 Z.
1636 3872 1668 3916 4
1701 3867 1950 3918 Dives-biis
1965 3869 2271 3921 numicis.
2306 3869 2398 3920 Sic
2422 3869 2629 3934 quidem

500 3945 533 3992 2
562 3944 685 3994 Vet.
706 3944 824 3994 cod.
846 3944 995 3994 Petr.
1015 3944 1255 3994 Danielis
1276 3945 1398 3995 Hoee
1412 3959 1489 4007 pr.
1570 3956 1749 3994 omnes
1770 3944 1954 4009 scripti
1977 3945 2112 3996 libri.
2177 3945 2281 3996 Sed
2311 3960 2416 3996 non
2447 3946 2630 3997 dubito

424 4019 565 4076 sacta
585 4025 672 4080 est,
702 4025 809 4068 actu
828 4019 967 4068 ludis.
1000 4016 1151 4068 Lind.
1573 4018 1700 4083 quin
1736 4032 1858 4069 vera
1895 4022 1962 4070 sit
1992 4021 2285 4071 emendatio
2317 4021 2464 4070 haecz
2509 4023 2628 4072 Diu.

502 4096 533 4141 8
566 4093 653 4142 Al.
690 4095 768 4143 M.
790 4095 963 4144 Fulvio
980 4095 1135 4156 edile,
1168 4099 1217 4144 et
1254 4094 1331 4144 M.
1371 4093 1489 4144 Gla·
1568 4096 1886 4145 autenticis.
1921 4096 2002 4147 Id.

439 4165 615 4229 brivae,
654 4165 717 4224 Q.
752 4167 967 4218 Minucio
1011 4167 1199 4218 Valerio
1236 4168 1491 4219 curantur.
1637 4175 1668 4221 5
1702 4171 2038 4222 Annotandum
2053 4185 2183 4233 saue,
2197 4171 2482 4236 puello-um]
2511 4167 2628 4223 Fal-

438 4237 517 4290 ld.
1292 4239 1301 4247 ’
1572 4261 1684 4296 sum
1707 4246 1975 4320 esu-quod
1997 4245 2228 4298 hocloco
2257 4256 2433 4299 monet
2451 4247 2626 4300 Dona·
