3234 4934
589 357 677 426 58
1266 371 1541 420 vro‘ron
1591 369 1693 418 nn
1738 369 2119 420 comunis.

589 513 695 574 viri
721 511 1094 590 t'oeminaeque
1121 509 1200 571 ad
1219 510 1578 592 explendum
1603 511 1767 571 chori
1796 529 2099 573 numerum
2140 511 2555 575 adhiberentur
2578 514 2768 594 (quod

588 609 802 670 secisse
830 607 1044 668 dicitur
1073 608 1296 688 primus
1323 609 1580 668 omnium
1617 609 1917 690 Tyrtaeus)
1962 627 2151 669 mares
2174 608 2481 669 dimidium
2520 609 2770 670 excede-

584 707 752 766 bant.
835 704 902 763 Si
943 704 1130 782 pueri,
1175 717 1300 764 tum
1343 703 1591 764 foeminis
1638 705 1867 766 illorum
1902 703 2089 784 major
2132 723 2408 764 numerus
2434 713 2579 764 erat.
2663 706 2770 764 Sin

589 809 784 860 autem
809 801 916 858 viri
943 809 1190 870 tantum,
1207 800 1454 879 juvenes
1481 800 1711 862 scilicet
1750 821 1822 861 ac
1850 819 2045 872 senes,
2072 799 2397 860 identidem
2424 802 2617 880 poiitoe
2644 819 2771 860 ma-

577 896 741 976 jores
767 896 1067 968 tredecim,
1097 896 1418 956 minoribus
1443 896 1719 958 undecim
1748 895 2171 968 admiscebant,
2202 905 2404 976 utpote
2425 915 2672 975 quorum
2696 895 2772 954 de

589 992 826 1054 nomine
851 991 1068 1058 chorus
1096 991 1508 1070 appellaretur.
1571 992 1833 1061 Quilibet
1862 1003 2056 1054 autem
2084 1011 2159 1052 ex
2180 992 2273 1052 his
2300 992 2514 1053 chorus
2543 991 2601 1050 in
2626 1009 2772 1069 qua-

589 1089 844 1172 tuor-(ut
869 1087 1062 1163 aiunt)
1098 1089 1254 1164 ἒυγὰ
1280 1087 1669 1162 dividebatur,
1717 1109 1961 1170 quorum
2012 1088 2248 1168 singula
2274 1105 2380 1147 sex
2405 1087 2776 1148 continerent

591 1183 924 1244 saltatores,
1031 1183 1331 1257 Comicus,
1381 1183 1645 1264 inquam,
1694 1185 1810 1246 hoc
1864 1193 2043 1265 pacto
2096 1183 2311 1244 chorus
2362 1183 2773 1262 apparabatur.

595 1277 772 1350 Nam,
801 1279 956 1338 sieut
980 1277 1296 1359 AEschylus
1323 1278 1505 1352 canit,
1537 1280 1801 1358 quinque
1830 1289 2060 1340 tantum
2076 1289 2139 1340 et
2156 1279 2363 1340 decem
2384 1280 2445 1339 in
2460 1276 2777 1358 Tragoedia

595 1375 930 1434 constabat.
1033 1374 1454 1453 Interdumque
1501 1372 1810 1436 dimidiato
1869 1393 2112 1435 numero
2164 1375 2364 1450 (sicuti
2410 1373 2625 1435 Pollux
2672 1375 2779 1451 ait)

597 1469 989 1529 semichorum
1035 1469 1237 1528 induci
1283 1469 1458 1530 facile
1501 1467 1820 1529 admodum
1869 1479 1963 1529 est
1999 1467 2219 1528 videre.
2306 1468 2470 1530 Idem
2515 1478 2777 1529 attamen

597 1565 801 1626 scribit
839 1564 901 1623 in
946 1565 1142 1625 Veteri
1180 1563 1488 1642 Tragoedia
1527 1564 1774 1624 chorum
1818 1564 2129 1623 saltatores
2175 1561 2453 1622 habuisse
2487 1563 2779 1641 quinqua·-

597 1659 800 1739 ginta:
841 1679 1066 1734 verum,
1109 1659 1389 1740 quoniam
1419 1659 1736 1740 AEschylus
1763 1659 2007 1720 totidem
2034 1657 2393 1718 Eumenidas
2424 1657 2779 1730 induxisset,

598 1775 734 1834 quse
771 1765 958 1816 totum
1003 1775 1127 1834 proe
1174 1755 1550 1817 multitudine
1597 1756 1891 1817 theatrum
1918 1763 2421 1826 consternassent,
2466 1751 2779 1815 cohibente

597 1850 732 1930 lege
775 1849 853 1910 ad
899 1851 1206 1929 pauciores
1251 1869 1384 1911 esse
1425 1852 1765 1913 deventum.
1848 1852 2111 1912 Arbitror
2157 1852 2333 1911 etiam
2378 1851 2439 1910 in
2474 1851 2781 1910 Comoedia

597 1965 736 2006 cum
781 1947 1020 2007 Donato
1049 1945 1228 2026 longe
1271 1947 1468 2026 plures
1513 1949 1590 2008 ab
1616 1949 1785 2009 initio
1812 1948 1994 2008 fuisse
2036 1957 2328 2019 cantores,
2371 1946 2646 2026 quoniam
2686 1949 2781 2020 (ut

597 2041 950 2102 Aristoteles
991 2043 1052 2101 in
1103 2041 1372 2102 Naturali
1419 2045 1675 2123 quadam
1720 2043 1899 2104 sentit
1947 2042 2314 2117 Quaestione)
2358 2041 2523 2101 multi
2550 2041 2779 2101 facilius

597 2156 830 2198 servare
857 2157 1131 2198 numeros
1157 2149 1428 2217 possunt.
1487 2141 1644 2200 Cum
1670 2141 1847 2220 igitur
1874 2151 2011 2219 post
2039 2137 2256 2198 fabulas
2282 2139 2590 2216 prolog-um
2622 2145 2783 2196 esset
2836 2177 2845 2184 -

597 2233 958 2294 orchestram
983 2234 1374 2312 ingressurus,
1403 2235 1454 2294 si
1467 2237 1701 2295 rusticis
1722 2243 2042 2306 constaret,
2069 2253 2105 2292 a
2121 2232 2329 2292 dextro
2350 2233 2529 2294 latere
2554 2232 2783 2291 solebat

599 2327 820 2388 emittit
862 2328 954 2386 sin
985 2339 1180 2386 autem
1209 2327 1469 2400 urbanis,
1505 2347 1544 2388 a
1589 2331 1827 2390 sinistra
1856 2339 2021 2407 parte
2057 2327 2346 2407 prodibat,
2373 2326 2781 2406 quadrataque

599 2423 790 2482 forma
815 2424 1150 2482 consistens
1179 2422 1523 2483 recedentes
1572 2423 1885 2484 histriones
1926 2424 2295 2483 observabat.
2377 2421 2611 2482 Deinde
2636 2441 2782 2481 con·

599 2535 806 2578 versus
822 2517 898 2576 ad
921 2529 1305 2596 spectatores,
1323 2537 1859 2598 quorsumcumque
1879 2520 2097 2599 septies
2117 2518 2404 2577 theatrum
2426 2518 2781 2589 intuebatur,

600 2613 964 2691 totidemque
989 2613 1318 2673 cantilenas
1349 2613 1655 2674 moderato
1682 2625 1855 2692 gestu
1899 2614 2353 2693 pronuntiabatt
2404 2613 2565 2692 quod
2608 2631 2783 2673 omne

597 2709 920 2786 παράβασις
947 2710 1023 2768 ab
1059 2708 1450 2788 Aristophane
1493 2708 1759 2788 pluribus
1808 2710 1869 2767 in
1920 2709 2068 2768 locis
2110 2721 2503 2787 nuncupatur.
2585 2708 2784 2768 Prima

599 2805 776 2884 igitur
795 2804 1092 2865 cantilena
1121 2805 1320 2863 statim
1342 2805 1418 2864 ab
1447 2803 1795 2864 histrionum
1819 2805 2089 2865 discessu
2120 2804 2349 2882 prolata
2376 2807 2599 2881 κορωνὶς
2622 2821 2784 2863 com-

598 2900 762 2960 muni
791 2901 1023 2959 nomine
1049 2900 1283 2959 dicitur.
1367 2898 1542 2969 Nam,
1570 2898 1855 2978 quicquid
1881 2917 2135 2978 persona
2167 2899 2441 2977 quapiam
2470 2897 2783 2958 recedente

597 3007 890 3066 cantatur,
917 2995 1280 3074 grammatici
1309 2993 1584 3056 Comicos
1626 3005 1989 3073 exponentes
2035 2992 2299 3070 κορωνίδα
2338 2994 2537 3053 solent
2580 2995 2785 3073 appel·

597 3093 739 3150 iare.
823 3093 1153 3169 Κομμάτιον
1181 3108 1320 3150 vero
1347 3090 1574 3170 proprie
1602 3091 1837 3162 dicitur,
1867 3100 2157 3168 quatenus
2183 3088 2258 3147 de
2280 3089 2459 3148 choro
2480 3099 2783 3169 amputata

599 3186 904 3264 recisaque
931 3185 1220 3263 particula
1249 3185 1507 3244 videtur:
1565 3183 1629 3242 id
1660 3203 1698 3244 a
1724 3183 2075 3263 quibusdam
2120 3185 2363 3242 εἷσθεσις
2386 3195 2560 3261 χοροῦ
2598 3183 2787 3242 nomi-

600 3293 796 3340 natur.
879 3277 1177 3350 Secunda,
1207 3277 1549 3355 παράβασις,
1577 3297 1700 3336 non
1742 3297 1915 3337 secus
1964 3297 2035 3336 ac
2082 3287 2208 3336 tota
2252 3277 2487 3336 saltatio
2534 3277 2783 3337 dicitur:

601 3375 882 3455 quoniam
909 3374 1091 3447 illinc,
1133 3375 1236 3434 ubi
1280 3375 1627 3435 constiterat
1666 3373 1905 3446 chorus,
1954 3373 2239 3452 populum
2267 3391 2471 3431 versus
2519 3373 2743 3433 incedit
2764 3393 2783 3432 t

603 3472 730 3532 sive
755 3475 1119 3542 civeis-came,
1147 3491 1220 3530 eo
1239 3469 1400 3550 quod
1429 3471 1765 3550 frequenter
1791 3467 2199 3548 hujuscemodi
2217 3479 2428 3527 cantus
2446 3481 2783 3556 anapaestos

601 3576 932 3646 usurparet.
1016 3566 1212 3626 Tertia
1237 3575 1456 3641 πνῖγος,
1485 3574 1590 3624 aut
1613 3566 1848 3641 μακρὸν,
1874 3563 2171 3623 cantilena
2199 3562 2426 3623 scilicet
2450 3567 2544 3641 (ut
2571 3563 2785 3626 Pollux

603 3663 712 3736 ait)
742 3681 860 3722 una
885 3662 1122 3740 spiritus
1149 3661 1530 3722 contentione
1555 3660 1806 3741 prolata,
1834 3679 1971 3738 qum
2000 3659 2110 3719 tria
2138 3659 2528 3738 sejunguntur
2568 3662 2645 3721 ab
2692 3661 2783 3720 in-

600 3757 810 3828 vicem,
859 3775 994 3816 cum
1037 3756 1284 3818 alterum
1331 3753 1498 3816 alteri
1545 3755 1769 3815 nullam
1817 3753 2033 3815 habeat
2076 3754 2383 3815 rationem.
2466 3755 2617 3823 Quae
2643 3775 2785 3818 vero

603 3863 953 3932 sequuntur,
1002 3849 1154 3910 inter
1205 3869 1272 3910 se
1325 3849 1582 3931 quadam
1652 3857 1794 3911 sunt
1846 3853 2071 3911 ratione
2130 3851 2467 3930 conjuncta,
2514 3851 2787 3914 videlicet

603 3950 812 4027 στροφὴ
860 3947 952 4006 vel
997 3945 1135 4028 ᾀδι),
1181 3946 1304 4006 sive
1351 3951 1540 4026 μέλος,
1587 3947 1893 4029 ἑπίῤῥημα,
1940 3952 2299 4028 ἀντίστροφος
2341 3946 2433 4006 vel
2458 3945 2694 4027 ἅντφὸι),
2724 3957 2787 4009 et

601 4046 1010 4122 ὀντεπίρρημα,
1035 4041 1200 4122 quod
1229 4043 1362 4102 loco
1389 4043 1641 4123 septimo
1665 4046 2037 4114 cantabatur,
2063 4049 2267 4124 στροφὴ
2294 4042 2449 4101 enim
2476 4043 2599 4102 sive
2626 4047 2783 4104 ἀντί-

609 4151 836 4218 στροφοι
861 4138 1135 4201 membris
1163 4150 1226 4200 et
1265 4139 1592 4202 carminum
1640 4159 1855 4220 genere
1880 4139 2157 4220 quadrat.
2238 4139 2466 4200 Rursus
2502 4141 2782 4218 ἐπίρῥημα
