3234 4934
623 354 754 419 222
1353 366 1819 417 ηΑΝοιεσυε
1868 366 2075 415 nans

623 514 838 573 endum
869 519 1302 572 concurrerent.
1387 492 1667 572 Licentiae
1718 511 1894 590 hujus
1936 530 2121 571 unum
2162 510 2517 589 exemplum,
2560 510 2669 571 sed
2718 512 2806 571 in-

625 608 790 687 signe
815 605 1134 665 admodum
1167 606 1322 668 dabo
1349 626 1422 667 ex
1452 606 1651 665 Plauti
1678 607 2039 678 Trinummo,
2068 626 2147 665 11.
2186 610 2237 665 1.
2274 610 2405 665 172.

815 716 962 770 Quoe'
979 732 1142 781 neque
1165 716 1356 765 fut-tina
1381 730 1475 766 nec
1492 728 1558 766 Ξ
1571 714 1713 765 facta
1733 718 1851 764 stmt
1870 742 1885 755 -
1904 723 2081 765 tamen
2102 716 2241 765 i1=li
2262 716 2449 765 sciunt.

625 818 690 876 ln
735 816 848 875 hoc
876 822 1046 873 ve'rsu
1077 812 1262 874 cuivis
1305 812 1681 871 manifestum
1712 819 1804 869 est
1832 808 1981 869 duos
2011 830 2144 870 esse
2170 810 2354 889 pedes
2384 812 2657 885 creticos,
2699 814 2807 873 sed

623 912 724 989 qui
755 909 1114 987 dactylorum
1145 907 1320 986 plane
1347 906 1546 965 vicarii
1571 916 1733 964 sunt.
1809 904 2123 965 Innumera
2164 918 2305 966 sunt
2353 906 2606 968 licentias
2633 908 2807 989 hujus

625 1006 784 1083 apud
813 1005 976 1063 illum
1003 1004 1304 1080 exempla:
1351 1022 1458 1061 nec
1487 1020 1679 1079 pauca
1724 1001 1785 1059 in
1832 1000 2126 1073 Terenti0,
2174 1003 2315 1062 licet
2339 1003 2473 1075 hac,
2502 1014 2567 1064 ut
2594 1016 2657 1063 et
2682 1005 2811 1065 aliis

624 1101 745 1160 scre
773 1101 1064 1170 omnibus,
1093 1098 1308 1159 Plauto
1337 1099 1513 1177 longe
1561 1096 1793 1175 parcius
1822 1106 2057 1165 utatur-3
2102 1098 2263 1177 quod
2307 1100 2456 1159 inter
2482 1100 2809 1179 proecipuas

624 1196 880 1255 Terentii
909 1194 1116 1255 laudes
1160 1193 1368 1252 merito
1397 1192 1818 1253 recensendum
1848 1203 1959 1264 est,
2008 1194 2129 1271 qui,
2152 1196 2419 1272 quamvis
2448 1194 2507 1252 in
2536 1195 2809 1269 licentiis,

625 1291 746 1349 sive
775 1310 974 1349 earum
1019 1308 1322 1349 numerum
1355 1289 1478 1347 sive
1515 1308 1735 1367 genera
1779 1300 2032 1367 spectes,
2084 1289 2432 1349 adhibendis
2458 1299 2579 1349 tam
2608 1310 2811 1368 parum

625 1386 733 1445 sibi
759 1384 1088 1457 indulserit,
1119 1404 1443 1445 sermonem
1477 1395 1672 1444 tamen
1702 1395 1869 1442 tanta
1896 1397 2017 1444 arte
2046 1388 2410 1465 temperarit,
2441 1398 2508 1446 ut
2534 1387 2811 1446 Plautino

621 1482 818 1539 minus
870 1492 1164 1559 assurgat,
1213 1490 1275 1539 et
1323 1480 1655 1557 pedestrem
1702 1480 1887 1539 multo
1932 1481 2121 1560 magis
2150 1483 2381 1543 referat.
2466 1482 2587 1543 Sed
2615 1482 2691 1541 de
2718 1481 2810 1541 his

624 1576 934 1636 hactenus.
1233 1610 1238 1613 ·
1406 1598 1415 1605 ’

708 1672 996 1746 Alterum,
1024 1670 1184 1751 quod
1212 1669 1442 1750 plurimi
1479 1680 1572 1730 est
1612 1671 1675 1728 in
1726 1670 1841 1729 hoc
1892 1680 2237 1749 argumento
2268 1670 2579 1752 ponderis,
2594 1682 2689 1733 est
2714 1692 2812 1733 ac·

625 1778 834 1828 centus
863 1788 1038 1847 quem
1089 1768 1231 1839 dixi,
1279 1786 1384 1827 seu
1435 1778 1623 1835 tenor,
1674 1786 1792 1845 quo
1828 1770 2071 1827 verbum
2116 1767 2443 1829 secundum
2490 1768 2811 1847 legitimam

625 1862 1048 1942 pronuntiandi
1075 1865 1356 1923 rationem
1404 1863 1763 1924 modulatur.
1845 1864 1929 1921 Ut
1958 1864 2114 1924 enim
2142 1864 2241 1924 ille
2269 1884 2389 1925 non
2439 1872 2658 1924 temere
2685 1882 2809 1924 mo-

623 1960 876 2031 vendus,
903 1980 1016 2021 nec
1041 1959 1270 2040 syllaba
1295 1978 1472 2039 quam
1503 1971 1759 2039 occupat
1801 1980 1876 2019 ex
1914 1960 2095 2039 longa
2142 1960 2203 2020 in
2230 1962 2463 2021 brevem
2507 1960 2811 2033 mutanda,

615 2056 710 2115 ita
765 2058 1009 2117 aliarum
1055 2056 1412 2136 syllabarum
1459 2056 1781 2135 quantitas,
1836 2056 1963 2135 ejus
2016 2057 2337 2134 proesertim
2392 2075 2529 2134 quse
2580 2066 2813 2115 acutam

625 2151 886 2230 proxime
913 2152 1218 2233 praecedit,
1247 2154 1322 2211 ab
1369 2171 1440 2211 eo
1489 2150 1802 2230 plurimum
1839 2150 2095 2228 pendet:
2138 2164 2202 2211 et
2226 2152 2605 2210 maximarum
2633 2152 2814 2210 licen-

623 2247 836 2307 tiarum
866 2248 1012 2307 ratio
1041 2246 1178 2306 inde
1223 2257 1318 2307 est
1341 2246 1619 2325 petenda.
1706 2244 1882 2310 Quod
1912 2255 1980 2304 ut
2016 2245 2437 2323 intelligamus,
2465 2245 2595 2305 haee
2622 2264 2813 2325 pauca

625 2343 890 2421 principii
917 2343 1050 2403 loco
1079 2342 1154 2402 de
1183 2351 1396 2401 natura
1423 2350 1484 2400 et
1511 2342 1566 2399 vi
1594 2349 1871 2399 accentus
1902 2342 2083 2419 probe
2111 2341 2369 2401 tenenda
2396 2351 2554 2401 sunt.

709 2437 925 2508 Primo,
951 2436 1012 2494 in
1043 2437 1202 2494 omui
1228 2454 1372 2495 voce
1401 2454 1538 2495 esse
1567 2444 1823 2505 acutam,
1854 2454 2103 2513 eamque
2133 2454 2312 2495 unam
2338 2445 2591 2497 tantum.

709 2530 1009 2604 Secund0,
1034 2531 1298 2591 ultimam
1327 2550 1629 2609 nunquam
1660 2550 1793 2590 esse
1822 2542 2078 2603 acutam,
2104 2531 2357 2610 ideoque
2384 2533 2441 2591 in
2472 2531 2810 2611 dissyllabis

628 2626 874 2703 priorem
906 2646 1140 2705 semper
1167 2627 1337 2693 acui3
1381 2626 1540 2685 unde
1565 2627 1635 2685 fit
1660 2637 1727 2685 ut
1766 2625 1989 2686 ultimae
2018 2628 2223 2687 exilius
2252 2642 2485 2700 sonent,
2513 2639 2573 2687 et
2600 2628 2811 2687 obscu-

627 2721 746 2780 rius
775 2722 1103 2781 audiantur.

708 2818 926 2889 Terti0,
969 2818 1030 2877 in
1081 2816 1488 2896 polysyllabis,
1513 2814 1859 2891 secundam,
1910 2818 1959 2876 si
2002 2820 2184 2898 long-a
2212 2820 2307 2891 sit,
2358 2829 2589 2878 acutam
2642 2836 2809 2885 esse:

629 2913 776 2971 alias
807 2912 1040 2973 tertiam
1067 2916 1140 2973 ab
1168 2923 1468 2980 extrema;
1513 2914 1669 2973 intra
1700 2914 1873 2974 trium
1918 2914 2073 2973 enim
2102 2915 2459 2994 syllabarum
2488 2932 2812 2983 numerum,

630 3009 754 3067 sive
781 3008 874 3067 hae
903 3006 964 3067 in
991 3009 1346 3069 verbo-solae
1373 3010 1513 3080 sint,
1545 3008 1669 3068 sive
1696 3009 1941 3081 ultimae,
1968 3020 2203 3070 acutam
2232 3028 2462 3089 semper
2488 3009 2772 3069 contineri
2796 3028 2811 3067 t

629 3103 903 3182 ideoque,
933 3102 982 3161 si
1011 3104 1209 3182 plures
1239 3116 1474 3163 acutam
1501 3105 1932 3182 praecesserint,
1960 3122 2165 3163 omnes
2196 3123 2404 3183 graves
2426 3124 2580 3178 esse,
2600 3106 2815 3183 pariter

630 3213 698 3255 a‘c
727 3199 882 3269 illas,
911 3218 1046 3277 quae
1073 3210 1422 3276 sequuntur.

712 3293 961 3365 Quarto,
989 3312 1123 3352 cum
1153 3294 1418 3372 syllabae,
1450 3312 1627 3371 quam
1656 3306 1867 3351 acutus
1895 3303 2063 3353 tenor
2088 3304 2364 3370 occupat,
2392 3312 2465 3352 ex
2490 3295 2814 3353 intentione

629 3387 780 3464 ejus,
809 3406 963 3446 nova
989 3388 1265 3466 quaedam
1301 3390 1604 3467 quantitas
1634 3388 1905 3462 accedat,
1934 3388 2093 3447 istud
2131 3390 2547 3449 incrementum
2570 3392 2813 3467 ,quanti-

627 3482 768 3540 tatis
795 3482 870 3541 de
899 3481 1129 3561 syllaba
1153 3483 1414 3561 proxime
1445 3482 1815 3561 praecedente
1846 3483 2283 3562 quodammodo
2312 3483 2536 3543 detrahi
2565 3486 2814 3559 videtur,

631 3575 772 3635 dum
806 3596 920 3635 vox
971 3578 1266 3656 loquentis
1309 3598 1414 3657 per
1441 3598 1569 3638 eam
1605 3588 1771 3657 rapte
1798 3580 2001 3651 fertur,
2048 3590 2115 3639 ut
2144 3580 2220 3639 ad
2250 3590 2479 3639 acutam
2508 3582 2723 3653 veniat,
2750 3583 2811 3639 in

631 3690 750 3748 qua
776 3672 1060 3751 insignior
1089 3693 1252 3733 mora
1299 3674 1611 3734 facienda:
1666 3674 1805 3733 hinc
1848 3694 1962 3734 usu
2016 3677 2176 3735 venit
2228 3684 2296 3735 ut
2346 3676 2579 3756 syllaba
2622 3687 2811 3737 acutoe

629 3768 896 3845 proxima
919 3786 1024 3848 pro
1062 3778 1330 3848 correpta
1356 3768 1664 3842 habeatur,
1716 3769 2059 3849 breviorque
2106 3782 2279 3831 acuta
2305 3772 2589 3842 videatur,
2637 3774 2814 3831 etiam

632 3882 766 3921 cum
811 3864 944 3941 ipsa
969 3882 1205 3943 quoque
1254 3865 1449 3925 brevis
1483 3873 1594 3927 est.
1681 3866 1966 3945 Exempla
2009 3867 2185 3947 hujus
2227 3869 2379 3929 infra
2406 3870 2644 3929 afferam
2692 3868 2813 3928 cla·

631 3978 880 4019 tissima.

717 4054 960 4129 Quinto,
989 4068 1270 4117 accentus
1294 4057 1555 4136 legitime
1597 4060 1813 4137 migrat
1838 4078 1908 4121 ex
1936 4060 2262 4139 penultima
2304 4060 2362 4117 in
2390 4058 2652 4118 ultimam
2682 4059 2810 4116 lon-

637 4169 793 4227 gam,
841 4154 1074 4231 quoties
1101 4155 1230 4216 voci
1274 4155 1448 4215 alicui
1496 4155 1771 4216 enclitica
1812 4155 2091 4234 adjuncta
2140 4164 2253 4229 est,
2295 4173 2429 4215 cum
2474 4154 2809 4239 hoc·pacto
