3234 4934
592 416 722 482 104
1030 408 1355 475 souma
1398 422 1864 473 Tnnonolucr
1914 420 2330 471 nnncovAci

674 568 869 629 Tertia
895 568 1007 628 fuit
1034 568 1877 636 Hammonmoaunzuos,
1923 572 1990 624 ut
2031 572 2266 625 constat
2291 584 2364 625 ex
2394 561 2772 640 Didascaliis,

594 684 730 744 quae
756 664 818 722 in
847 666 1037 725 fronte
1062 664 1220 724 illius
1247 664 1542 743 leg-untur,
1586 663 1646 722 in
1693 661 1822 721 boec
1865 662 2085 721 verba:
2130 666 2147 695 ‘
2173 662 2324 721 Acta
2345 663 2520 722 tertia
2551 664 2638 722 M.
2665 664 2774 723 Ju-

592 761 789 819 ventio
815 771 880 820 et
905 759 992 819 M.
1022 759 1369 841 Sempronio
1396 757 1591 817 Coss-⁹
1673 756 1790 824 Qui
1817 757 2090 818 consules
2128 758 2367 817 fuerunt
2407 774 2564 819 anno
2591 761 2668 819 ab
2697 760 2772 819 U.

592 856 666 915 C.
697 857 839 914 591.

674 950 952 1031 Sequitur
976 960 1189 1030 quarta
1219 951 1561 1023 Pnomum,
1590 949 1666 1011 de
1693 969 1814 1029 qua
1841 948 2240 1010 Didascaliae:
2283 956 2302 986 ⁴
2335 948 2520 1012 Facta
2545 962 2640 1013 est
2665 954 2774 1015 IV.

488 1067 495 1075 ·
595 1048 667 1106 C.
700 1047 945 1121 Fannio,
975 1047 1062 1106 M.
1091 1047 1329 1107 Valerio
1356 1046 1552 1107 Coss-¹
1609 1044 1790 1115 Quod
1815 1046 1987 1106 etiam
2013 1055 2264 1106 testatur
2286 1047 2582 1119 Donatus,
2613 1048 2775 1109 Prae-

594 1144 816 1203 satione
841 1144 903 1203 in
929 1143 1087 1203 hanc
1113 1143 1436 1203 Fabulam:
1479 1148 1496 1177 ‘
1519 1142 1699 1202 Edita
1721 1152 1814 1203 est
1837 1154 2048 1221 quarto
2075 1141 2208 1203 loco
2236 1143 2322 1203 M.
2355 1144 2588 1205 Valerio
2615 1156 2676 1205 et
2701 1148 2774 1207 C.

596 1238 825 1299 Fannio
870 1239 1067 1301 Coss!
1147 1240 1293 1301 Post
1336 1240 1748 1301 Phormionem
1795 1240 1998 1318 quinta
2039 1248 2134 1300 est
2173 1239 2336 1299 edita
2379 1240 2773 1315 Eunucnus,

592 1335 803 1396 iisdem
832 1335 1007 1397 Coss.
1034 1336 1243 1397 iisdem
1273 1335 1557 1395 AEdilibus
1580 1355 1598 1403 3
1642 1335 1824 1395 habes
1855 1334 1918 1394 id
1947 1354 2021 1395 ex
2049 1334 2426 1410 Didascaliis,
2453 1347 2515 1397 et
2554 1337 2776 1399 Donati

599 1431 953 1492 Praefatione
976 1433 1037 1492 in
1065 1432 1219 1492 hanc
1248 1431 1572 1493 Fabulam:
1614 1448 1773 1490 anno
1803 1429 2072 1489 nimirum
2099 1432 2174 1490 ab
2204 1431 2280 1491 U.
2313 1431 2383 1491 C.
2414 1434 2553 1493 593.

680 1530 781 1589 Bis
808 1529 1017 1590 eodem
1048 1528 1145 1589 die
1171 1529 1462 1608 producta
1487 1529 1547 1587 in
1577 1546 1838 1598 scenam,
1881 1525 2113 1586 tertium
2143 1526 2398 1606 denique
2427 1540 2602 1591 acta:
2643 1550 2777 1612 pre-

596 1626 741 1686 tium
769 1638 905 1685 octo
932 1610 1183 1687 millibus
1211 1625 1543 1686 sestertium
1573 1634 1940 1684 numeratum
1967 1631 2063 1683 est
2087 1621 2312 1681 Poetae.

676 1722 1014 1782 Ansm‘noe
1044 1731 1214 1782 sexta
1238 1731 1332 1781 est
1360 1719 1668 1781 Comoedia
1693 1738 1732 1779 a
1755 1718 2030 1778 Terentio
2064 1717 2244 1790 facta,
2288 1738 2477 1798 eaque
2501 1719 2663 1781 edita
2687 1733 2782 1784 est

598 1818 781 1877 Lucio
822 1818 1051 1891 Anicio,
1098 1819 1185 1876 M.
1235 1817 1512 1879 Cornelio
1563 1815 1738 1877 Coss.
1781 1814 1897 1875 hoc
1940 1824 2053 1890 est,
2100 1834 2257 1875 anno
2301 1818 2375 1875 ab
2423 1817 2498 1878 U.
2527 1816 2602 1879 C.
2637 1822 2779 1879 594.

598 1912 782 1974 Ludis
808 1914 1149 1975 funebribus
1175 1914 1241 1972 L.
1273 1913 1489 1973 AEmilii
1518 1912 1711 1985 Pauli,
1760 1923 1828 1972 ut
1870 1911 2052 1973 habes
2097 1912 2158 1970 in
2207 1911 2586 1974 Didascaliis.
2671 1915 2781 1975 lis-

597 2010 733 2068 dem
784 2010 964 2069 Ludis
1007 2009 1351 2069 funebribus
1394 2007 1581 2069 relata
1632 2004 1888 2089 Hecyra,
1936 2006 2042 2068 sed
2091 2026 2209 2067 non
2236 2006 2481 2087 placuit,
2509 2021 2578 2070 ut
2601 2021 2696 2071 est
2720 2012 2782 2069 in

598 2104 980 2166 DidascaliiS.
1063 2105 1235 2165 Prius
1266 2116 1461 2166 tamen
1490 2106 1551 2165 in
1580 2125 1820 2166 scenam
1847 2103 2140 2184 producta
2163 2114 2257 2164 est
2299 2105 2554 2185 Hecyra,
2604 2126 2782 2186 quam

600 2199 913 2279 Adelphos,
960 2210 1030 2261 ut
1075 2200 1292 2281 colligo
1340 2221 1415 2261 ex
1463 2202 1723 2275 Donato,
1773 2202 1873 2280 qui
1917 2200 2096 2260 dicit:
2141 2207 2158 2235 ‘
2183 2201 2423 2260 Factam
2465 2214 2528 2261 et
2561 2201 2782 2262 editam

596 2297 804 2374 quinto
832 2296 1008 2357 loco!
1090 2297 1274 2370 Male,
1312 2308 1381 2356 ut
1408 2297 1775 2363 audivimus:
1814 2296 1927 2355 nisi
1967 2294 2210 2373 perinde
2235 2294 2508 2355 habueris
2534 2296 2782 2374 primam

512 2376 531 2395 ”
596 2390 752 2451 illius
780 2391 1120 2465 editionem,
1158 2390 1273 2451 Cn.
1306 2391 1576 2465 Octavio,
1603 2391 1675 2452 T.
1703 2390 1930 2451 Manlio
1957 2390 2131 2451 Coss.
2160 2391 2329 2469 quasi
2355 2390 2593 2452 omnino
2622 2392 2784 2455 edita

597 2504 717 2544 non
746 2496 925 2560 esset,
952 2506 1087 2548 cum
1114 2507 1305 2568 neque
1336 2496 1624 2567 spectata,
1653 2506 1845 2566 neque
1883 2496 2025 2546 acta
2069 2498 2214 2547 tunc
2259 2486 2377 2555 sit;
2419 2505 2610 2565 neque
2655 2498 2782 2548 tum

596 2581 751 2641 male
776 2582 938 2643 dices
981 2592 998 2618 ‘
1021 2584 1227 2664 quinto
1255 2584 1430 2658 loco,’
1468 2602 1607 2644 cum
1653 2583 1941 2663 producta
1985 2591 2079 2642 est
2119 2581 2212 2641 his
2253 2581 2413 2642 ludis
2441 2581 2781 2646 funebribus

598 2676 816 2737 AEmilii
860 2679 1032 2739 Pauli
1076 2690 1215 2741 ante
1244 2679 1553 2759 Adelphoe.
1635 2681 1832 2748 Quare
1861 2678 2193 2739 audiendus
2219 2697 2340 2739 non
2369 2668 2470 2739 est'
2488 2679 2782 2755 Donatus,

598 2772 698 2851 qui
729 2792 860 2834 eam
887 2780 905 2809 ‘
929 2776 1193 2837 secundo
1220 2779 1352 2836 loco
1380 2785 1573 2835 actam
1601 2775 1764 2847 dicit,
1789 2776 1964 2836 etiam
1985 2785 2110 2834 tum
2132 2772 2264 2833 rudi
2285 2774 2517 2833 nomine
2543 2775 2780 2845 Ροὲῑως

595 2867 793 2947 itaque
823 2870 909 2928 sic
935 2873 1374 2948 pronuntIatum
1402 2870 1693 2951 Adelphoe
1720 2871 1998 2943 Terentii,
2037 2889 2156 2929 non
2184 2868 2440 2929 Terentii
2468 2869 2780 2950 Adelphoe.

598 2961 777 3029 Quod
818 2962 1014 3024 adhuc
1061 2965 1137 3025 de
1182 2965 1423 3026 Fabulae
1464 2967 1656 3047 magis
1701 2968 1934 3028 nomine
1979 2966 2186 3038 Poeta,
2228 2984 2403 3044 quam
2453 2964 2530 3026 de
2579 2966 2784 3028 Poetoe

598 3060 837 3119 nomine
854 3060 1105 3121 ·Fabula
1132 3063 1684 3124 commendaretur.’
1766 3064 1918 3133 Quae
1960 3063 2144 3123 futilis
2185 3064 2613 3141 argumentatio
2653 3074 2781 3125 est:

599 3172 735 3213 nam
766 3155 933 3214 nulla
960 3156 1313 3217 Fabularum
1340 3159 1593 3218 Terentii
1620 3158 2000 3235 pronuntiata
2024 3165 2117 3217 est
2141 3156 2499 3229 Timum-11,
2531 3158 2784 3237 exempli

598 3249 810 3327 gratia,
871 3248 1213 3322 Pnoamo,
1282 3252 2125 3322 Hsauronrmonumnnos,
2180 3261 2493 3329 antequam
2547 3254 2782 3313 tertium

597 3342 941 3404 edoceretur
987 3346 1332 3409 Eunuchus.
1428 3348 1618 3427 quue
1666 3348 1940 3407 observat
1991 3348 2266 3407 Donatus
2317 3346 2671 3408 Praefatione
2719 3349 2780 3408 in

602 3442 973 3516 Eunuchum,
1014 3444 1249 3505 tertium
1275 3444 1493 3508 editam
1519 3444 1704 3506 fuisse
1731 3456 1870 3525 post
1895 3443 2295 3523 Adelphorum
2321 3443 2660 3505 editionem.

834 3822 1253 3890 JOANNIS
1312 3824 1928 3893 THEODORICI
1988 3824 2535 3893 BELLOVACI

1112 3954 1479 4009 sommum
1522 3956 1974 4009 comcoauu
2017 3958 2255 4011 nano.

602 4081 749 4141 Nox
778 4092 873 4143 est
899 4081 975 4145 de
998 4084 1203 4160 nihilo,
1232 4087 1391 4167 quod
1418 4092 1612 4170 po‘etoe
1634 4091 1861 4153 Comici
1887 4099 1990 4152 aut
2014 4090 2146 4151 haec
2167 4098 2272 4149 aut
2295 4087 2400 4147 illa
2425 4085 2664 4145 nomina
2689 4083 2782 4141 in-

600 4176 873 4238 diderunt
917 4199 1153 4245 suarum
1194 4185 1464 4264 personis
1504 4186 1858 4249 fabularum.
1941 4188 2136 4267 Hujus
2179 4184 2264 4246 rei
2292 4180 2652 4263 amplissima
2677 4178 2782 4239 tibi
