3234 4934
608 400 697 468 88
1064 414 1245 465 mm
1262 412 1427 464 nus
1474 414 1766 465 nsmsn
1815 412 1978 467 mss
1991 418 2336 469 aarum.

610 567 772 631 sunt,
820 556 921 635 qni
950 556 1259 629 concinne,
1302 565 1363 617 et
1398 554 1918 635 quemadmodum,
1959 569 2020 618 et
2046 578 2180 619 cum
2209 570 2457 640 oportet,
2494 562 2793 641 jocantur.

610 655 779 715 Sicut
802 653 957 732 enim
984 672 1229 733 corpora
1257 651 1631 733 distinguunt
1657 653 1748 713 sui
1771 661 1988 724 motus,
2037 666 2123 731 ut,
2175 658 2428 737 exempli
2453 660 2662 738 gratia,
2707 660 2798 739 ig-

610 768 749 811 nem
772 759 832 809 et
860 749 1139 829 quicquid
1170 749 1299 809 leve
1326 758 1438 822 est,
1465 759 1662 811 motus
1689 750 1790 829 qui
1820 750 1880 811 in
1909 751 2092 812 altum
2119 752 2322 828 fertur,
2361 773 2538 834 grave
2566 765 2792 828 contra,

610 856 805 907 motus
833 847 935 926 qui
958 845 1034 905 ad
1065 845 1339 918 medinm,
1370 843 1693 925 eodemque
1717 846 1894 906 modo
1921 848 1979 905 in
2011 847 2172 916 aliisz
2202 848 2286 908 ita
2311 868 2386 909 ex
2407 850 2481 909 iis
2503 852 2603 931 qui
2627 864 2795 914 extra

610 954 770 1016 sunt,
798 950 859 1002 et
884 942 985 1019 qui
1014 943 1073 1001 in
1103 942 1307 1002 oculos
1334 941 1644 1003 incurrunt
1672 943 1972 1004 hominnm
1996 944 2273 1015 motibus,
2301 945 2535 1006 babitus
2557 966 2793 1026 quoque

608 1047 894 1119 apparent
920 1038 1131 1099 animm
1158 1048 1221 1097 et
1246 1038 1481 1099 mores.’
1560 1038 1718 1106 Quia
1765 1049 1962 1100 autem
2007 1039 2161 1099 risus
2203 1040 2298 1112 iis,
2345 1050 2414 1100 ut
2457 1042 2790 1120 plurimum,

607 1137 710 1214 qui
737 1135 929 1194 minus
956 1144 1095 1195 sunt
1119 1133 1375 1205 honesti,
1419 1133 1626 1212 quales
1654 1135 1920 1194 homines
1965 1135 2178 1214 plebeii
2225 1145 2366 1195 sunt
2409 1146 2512 1196 aut
2549 1156 2790 1209 scurrae,

606 1241 810 1309 gratus
838 1249 971 1292 esse
1000 1231 1191 1297 solet;
1233 1230 1374 1288 hinc
1398 1228 1486 1302 fit,
1530 1230 1721 1308 inquit
1766 1230 1922 1291 idem
1950 1230 2321 1304 Aristoteles,
2367 1240 2456 1304 ut,
2498 1232 2602 1312 qui
2627 1251 2792 1292 scur-

606 1325 745 1387 riles
776 1336 934 1400 sunt,
984 1326 1189 1387 urbani
1240 1326 1415 1385 etiam
1446 1325 1736 1386 dicantur.
1821 1326 2008 1387 Addit
2051 1338 2268 1401 autem,
2313 1327 2477 1407 quod
2521 1338 2792 1407 spectare

607 1421 725 1481 huc
766 1424 1005 1503 propius
1049 1422 1309 1483 videtur:
1353 1428 1369 1456 ‘
1404 1421 1736 1483 Discrimen
1777 1440 1918 1482 vero
1962 1442 2037 1481 ex
2065 1424 2327 1504 Antiqua
2354 1424 2660 1484 Comoedia
2687 1444 2794 1504 ap—

606 1528 774 1596 paret
801 1529 863 1578 et
888 1519 1077 1579 Nova.
1159 1518 1314 1577 Nam
1354 1518 1415 1575 in
1461 1517 1565 1576 illa
1602 1516 1664 1577 id
1707 1516 1868 1596 quod
1913 1518 2278 1590 obscoenum,
2321 1520 2382 1577 in
2428 1519 2542 1579 hac
2570 1530 2793 1592 autem,

610 1614 772 1691 quod
800 1616 1193 1695 suspicionem
1220 1624 1449 1675 tantum
1472 1614 1600 1693 ejus
1625 1625 1839 1687 movet,
1861 1614 2040 1674 risum
2064 1632 2302 1693 quoque
2323 1615 2626 1693 exprimit3
2657 1635 2792 1694 quse

610 1728 729 1769 non
758 1730 963 1791 parum
992 1712 1271 1772 differunt
1296 1711 1373 1771 ad
1403 1712 1813 1773 venustatem!
1883 1712 2046 1771 Idem
2073 1711 2148 1771 de
2175 1709 2398 1770 cavillis
2421 1728 2656 1789 quoque
2681 1709 2792 1769 ad·-

610 1804 701 1865 dit
726 1816 787 1865 et
811 1806 1112 1867 conviciis.
1185 1806 1411 1874 Quibus
1435 1806 1806 1867 abstinuisse-
1821 1806 2100 1867 Plautum
2129 1813 2382 1878 constat,
2408 1825 2542 1868 cum
2564 1806 2793 1865 obscoe·

606 1900 793 1961 :nitate
838 1902 1052 1961 nemini
1095 1902 1405 1962 concedat.
1490 1902 1684 1982 Hujus
1727 1912 1923 1963 autem
1967 1901 2029 1962 in
2069 1914 2320 1981 utroque
2359 1920 2434 1961 ex
2461 1900 2792 1963 Aristotelis

600 1992 825 2073 judicio
853 1996 1165 2057 discrimen
1194 1997 1519 2059 videamus.
1604 1996 1852 2079 Byrrbia
1877 1997 2039 2077 apud
2067 1997 2403 2059 Terentium
2430 1994 2690 2056 Andria:

852 2142 980 2221 Ego
1002 2142 1161 2203 illam
1196 2144 1311 2204 vidi
1335 2144 1652 2223 virginem:
1697 2144 1884 2203 forma
1908 2143 2068 2204 bona

851 2240 1095 2299 Memini
1126 2240 1320 2300 videre
1346 2262 1361 2299 :
1404 2262 1522 2320 quo
1552 2242 1775 2319 sequior
1803 2261 1932 2299 sum
1961 2240 2290 2318 Pamphilo,

852 2334 914 2393 Si
946 2355 1009 2395 se
1032 2335 1189 2395 illam
1218 2337 1278 2395 in
1309 2336 1551 2407 somnis,
1581 2354 1760 2413 quam
1788 2334 1974 2405 illurn,
2005 2332 2277 2412 amplecti
2301 2330 2526 2392 maluit.

609 2476 792 2535 Vides
821 2477 878 2534 in
909 2474 1023 2548 his,
1057 2497 1175 2537 non
1204 2478 1666 2551 obscoenitatem,
1711 2477 1816 2537 sed
1859 2477 2251 2557 suspicionem
2280 2477 2362 2535 rei
2389 2494 2595 2556 parum
2625 2492 2789 2535 vere-

610 2572 845 2645 cundae,
874 2577 965 2632 καὶ
996 2576 1283 2645 ὑπόνοιαν,
1312 2594 1446 2653 quse
1475 2586 1596 2634 tam
1627 2584 1720 2634 est
1745 2575 2013 2646 honesta,
2063 2583 2130 2633 ut
2157 2592 2194 2632 a
2215 2573 2421 2653 quavis
2448 2574 2676 2651 virgine
2703 2570 2788 2643 id,

610 2668 939 2728 urbanitate
968 2670 1152 2743 salva,
1181 2668 1297 2729 dici
1324 2670 1532 2749 possit.
1618 2668 1779 2737 Quid
1807 2668 1962 2729 enim
1991 2668 2251 2740 suavius,
2279 2687 2455 2748 quam
2498 2674 2514 2703 ⁶
2543 2668 2604 2726 in
2632 2686 2791 2727 som-

606 2764 697 2823 nis
743 2763 1015 2843 amplecti
1035 2764 1079 2823 Υ
1116 2776 1179 2825 et
1220 2766 1478 2844 quidem,
1530 2765 1581 2825 si
1626 2765 1700 2825 de
1725 2765 1848 2825 viro
1875 2775 1935 2824 et
1961 2765 2220 2824 formosa
2245 2763 2496 2842 conjuge
2522 2763 2750 2822 dicatur
2778 2767 2792 2819 1

609 2857 747 2917 Non
774 2860 929 2918 enim
958 2861 1103 2921 dicit
1127 2859 1339 2934 βινεῖν,
1366 2860 1527 2941 quod
1566 2860 1992 2940 Aristophanes
2021 2860 2291 2930 dixisset,
2335 2880 2448 2920 nec
2474 2878 2608 2937 quoe
2635 2858 2696 2915 in
2725 2874 2788 2915 re

605 2954 713 3013 tali
744 2953 994 3015 Plautus
1022 2975 1306 3036 usurpare
1345 2958 1516 3031 solet,
1558 2960 1663 3037 qui
1705 2977 1816 3019 nec
1843 2956 2090 3019 honeste
2115 2976 2192 3017 ea
2219 2954 2382 3028 dicit,
2425 2964 2487 3016 et
2511 2957 2788 3015 obscoene

608 3051 1104 3132 circumloquitur.
1188 3054 1342 3114 Nam
1374 3056 1569 3135 qualia
1598 3066 1740 3116 sunt
1764 3055 1880 3115 ista
1907 3055 2164 3114 Casina!

768 3196 886 3256 Or..
920 3196 1033 3255 Ubi
1058 3196 1227 3257 locus
1252 3209 1481 3259 sumtus
1510 3218 1684 3279 porro
1711 3207 1823 3271 est,
1849 3202 2128 3263 continuo
2151 3199 2354 3259 stricto
2375 3194 2604 3277 gladio:
2635 3198 2786 3254 atat!

1003 3299 1207 3372 papael
1248 3300 1455 3373 papoe!
1541 3295 1655 3357 Cr..
1698 3292 1858 3365 Quid
1884 3294 1944 3353 id
1971 3314 2144 3376 papoe
2163 3292 2192 3351 ’ἒ

762 3390 881 3451 01..
915 3388 1233 3468 Flagitium
1258 3390 1337 3450 oh
1363 3400 1491 3451 erat
1512 3390 1864 3451 maximum:
1909 3389 2171 3469 gladium
2199 3408 2274 3449 ne
2300 3388 2548 3447 haberet
2570 3385 2785 3447 metui:

1001 3484 1063 3545 id
1091 3505 1353 3565 quaerere
1380 3488 1602 3568 occepi.

765 3580 923 3642 Dum
947 3582 1212 3661 gladium
1240 3604 1317 3644 ne
1343 3581 1560 3645 habeat
1587 3604 1810 3666 quaero,
1837 3583 2050 3664 arripio
2080 3583 2376 3663 capulum.

604 3710 757 3771 Nam
787 3722 1002 3785 cetera,
1052 3712 1113 3771 in
1152 3711 1365 3791 quibus
1404 3712 1581 3792 plane
1616 3711 1895 3791 loquitur,
1940 3710 2262 3792 praesertim
2291 3728 2426 3771 cum
2454 3705 2530 3767 de
2556 3707 2786 3769 Venere

601 3810 817 3887 ἅῤῥὴτῳ
852 3806 995 3887 agit,
1040 3826 1114 3867 ea
1138 3826 1277 3868 vero
1304 3828 1379 3871 ne
1404 3826 1856 3870 commemorare
1881 3808 2120 3888 quidem
2147 3807 2322 3872 malo,
2403 3803 2559 3863 Puto
2587 3815 2786 3863 autem

592 3904 749 3989 'satis
777 3922 911 3963 esse
936 3902 1335 3975 manifestum,
1382 3904 1557 3965 etiam
1582 3923 1720 3965 cum
1745 3903 2224 3982 circumloquitur
2249 3920 2384 3980 quae
2411 3917 2616 3978 parum
2645 3908 2786 3959 sunt

600 4000 873 4073 honesta,
916 4018 990 4059 ne
1016 3999 1265 4061 honeste
1293 4000 1553 4079 quidem,
1602 4011 1664 4062 et
1700 4019 1834 4061 cum
1862 4000 2242 4060 honestarum
2271 3994 2497 4055 aurium
2525 3992 2784 4060 fastidio,

600 4094 665 4155 id
690 4096 834 4155 fieri.
915 4094 1099 4157 Vides
1126 4114 1269 4174 crgo
1298 4096 1517 4175 passim
1545 4096 1778 4157 Veteris
1805 4095 2140 4175 imaginem,
2167 4093 2365 4165 etiam,
2393 4089 2469 4149 de
2499 4107 2616 4166 quo
2645 4108 2783 4149 mox

598 4190 779 4271 paulo
803 4201 961 4272 post,
989 4190 1301 4255 dicacitate
1329 4211 1401 4253 ac
1425 4192 1858 4255 maledicentia.
1915 4192 2065 4263 Qun
2087 4188 2336 4251 Athenis
2357 4184 2570 4269 partim
2593 4184 2782 4265 leges,
