3234 4934
967 426 1063 478 ns
1108 427 1409 478 conitus
1460 426 2079 479 munusromsus.
2486 417 2614 482 141

425 568 666 631 modum
694 568 1033 631 Priscianus
1061 590 1317 650 quoque,
1344 572 1439 631 cui
1468 570 1545 631 de
1572 582 1880 651 anapaesto
1903 573 2198 633 sententia
2221 571 2442 635 excidit
2467 577 2612 637 satis

426 665 705 737 absurda,
734 685 868 725 cum
896 664 1079 725 dixit:
1115 667 1242 725 Erit
1267 676 1463 725 autem
1492 666 1810 745 probabilis
1839 667 2124 728 iambicus
2152 687 2380 743 versus,
2407 682 2470 731 et
2493 682 2614 731 tra-

426 760 637 841 goediis
684 772 881 840 aptus,
926 761 976 821 si
1022 760 1349 822 secundum
1392 771 1455 823 et
1498 774 1770 842 quartum
1813 763 2026 844 pedem
2060 783 2178 824 non
2205 764 2352 825 alios
2381 767 2614 841 feceris,

424 876 606 937 quam
630 858 878 930 iambos,
896 869 1001 919 aut
1020 878 1177 931 eum,
1194 859 1297 937 qui
1320 858 1648 938 tribrachys
1669 868 1782 931 est,
1805 871 1910 921 aut
1931 870 2305 939 anapaestus:
2332 864 2614 941 quoniam

426 964 569 1013 sunt
593 974 787 1035 pares.
856 952 992 1023 Qua
1019 954 1177 1015 enim
1204 952 1455 1015 audacia
1480 955 1667 1015 fretus
1695 966 2063 1034 anapaestum
2091 955 2385 1017 tribracho
2412 978 2614 1038 parem

424 1048 623 1110 dixit?
680 1049 834 1110 Nam
862 1049 1025 1131 quod
1052 1050 1137 1110 ait
1180 1050 1420 1130 paribus
1468 1050 1712 1111 sedibus
1757 1066 2125 1131 anapoestum
2171 1054 2372 1132 recipi,
2410 1074 2615 1117 verum

422 1155 535 1205 est.
616 1146 717 1206 Sic
746 1146 901 1205 enim
947 1154 1112 1207 extat
1157 1147 1219 1206 in
1261 1146 1439 1207 Pluto
1468 1145 1919 1227 Aristophanis:
1961 1147 2055 1207 Ὧς
2079 1151 2372 1224 ἀργαλέον
2397 1151 2617 1232 πρᾶγμ’

422 1242 599 1314 Gorty,
641 1238 686 1302 ὖ
725 1242 846 1303 Ζεῦ
891 1246 981 1303 καὶ
1016 1240 1177 1302 Θεοί.
1235 1242 1314 1302 Et
1338 1242 1429 1301 bis
1461 1241 1523 1301 in
1550 1242 1762 1303 eodem
1790 1262 2003 1304 versu:
2049 1241 2128 1303 Oi
2157 1242 2209 1303 δ’
2237 1246 2612 1321 ἐξετρέποντο,

424 1339 474 1396 r'
497 1340 597 1397 οὒκ
622 1336 853 1398 ἐδόκουν
879 1343 939 1418 μ’
964 1340 1104 1415 ὄρᾷν
1132 1340 1236 1399 ἔτι.
1320 1337 1540 1397 Verum
1582 1336 1700 1398 hoc
1741 1348 1837 1398 est
1875 1338 1960 1397 illi
2008 1338 2161 1398 adeo
2205 1339 2504 1418 frequens,
2547 1351 2617 1403 ut

425 1432 626 1494 nullus
651 1433 845 1514 pudor
870 1434 1093 1494 Latinis
1122 1433 1200 1494 sit
1215 1434 1339 1512 Jam
1359 1432 1615 1506 futurus,
1638 1434 1854 1514 quibus
1882 1434 2100 1513 linguae
2129 1435 2278 1493 ratio
2301 1439 2615 1516 persuasit,

423 1548 503 1589 ne
526 1529 644 1589 hoc
671 1529 953 1605 attentius
982 1538 1292 1590 curarent:
1334 1529 1660 1607 proesertim
1687 1548 1822 1591 cum
1861 1529 2177 1608 Tragoedia
2215 1550 2452 1611 quoque
2500 1534 2616 1595 hoc

424 1623 749 1697 admiserit,
788 1624 1025 1704 gravius
1068 1643 1213 1685 sane
1258 1643 1328 1684 ac
1373 1624 1551 1703 longe
1599 1626 1824 1685 castius
1875 1627 2108 1703 poema.
2192 1626 2618 1691 observantior

425 1721 753 1801 Sophocles
779 1742 795 1781 z
842 1720 1149 1800 Euripides
1177 1719 1373 1780 minus
1402 1720 1730 1780 obnoxius:
1775 1738 1912 1780 nam
1956 1717 2151 1779 minus
2199 1724 2461 1801 pepercit
2502 1723 2614 1787 illis

424 1816 667 1879 sedibus
691 1838 707 1877 ε
750 1816 1023 1877 [Ἀῶ-ταν
1050 1814 1102 1875 δ’
1130 1818 1547 1892 ὅτιορκήσασαν
1574 1814 1692 1893 ἰδίᾳ
1719 1826 1812 1886 τῆς
1838 1819 2050 1897 φρενός.
2133 1814 2212 1875 Et
2237 1816 2298 1875 in
2327 1818 2612 1881 Hecuba:

424 1914 536 1973 Kc}
564 1919 794 1992 σμίκρον
820 1916 1031 1993 ἔχοιμι,
1058 1909 1224 1971 πάντ’
1250 1912 1326 1970 ἃν
1353 1910 1663 1988 &protinus
1689 1912 1833 1989 ἔχω.
1918 1910 2128 1989 Neque
2156 1910 2348 1971 solum
2375 1932 2616 1996 anapae·

426 2016 582 2068 stum
610 2011 851 2087 paribus
879 2007 1119 2067 sedibus
1148 2005 1349 2085 posuit
1372 2004 1508 2076 illis,
1537 2004 1648 2065 sed
1677 2004 1854 2065 etiam
1873 2006 1932 2065 in
1959 2006 2184 2081 ultima,
2207 2017 2275 2065 ut
2292 2008 2352 2065 in
2372 2006 2614 2070 Oreste«

427 2104 775 2184 Atrovpyas,
818 2104 978 2179 οἵπερ
1027 2104 1119 2161 καὶ
1159 2103 1322 2179 μόνοι
1370 2103 1617 2165 vidovo:
1662 2104 1854 2161 πόλιν.
1937 2101 2130 2168 Quem
2180 2102 2230 2162 si
2277 2103 2615 2185 tribrachyn

424 2219 625 2274 voces,
656 2200 943 2281 syllabam
970 2218 1131 2259 nunc
1158 2196 1462 2278 respicias,
1490 2215 1610 2267 non
1639 2197 1832 2276 legem
1853 2196 2032 2268 illam,
2054 2215 2175 2275 qua
2201 2196 2409 2259 ultima
2435 2198 2616 2263 habe·

422 2306 521 2357 tur
546 2294 909 2356 indifferens.
991 2294 1272 2353 Erasmus
1300 2301 1497 2352 autem
1524 2301 1685 2352 recte
1729 2291 1970 2353 sedibus
2015 2293 2332 2371 imparibus
2360 2295 2618 2371 dicebat,

423 2412 531 2473 pro
556 2392 751 2453 iambo
777 2399 1079 2470 receptum
1101 2388 1475 2469 spondaeum,
1495 2388 1818 2468 dactylum,
1837 2386 2195 2469 tribrachyn,
2212 2400 2610 2469 anapaestum:

424 2488 1013 2569 proceleusmaticum
1041 2496 1237 2545 autem
1266 2484 1483 2557 omisit,
1525 2484 1808 2563 quoniam
1846 2484 2168 2547 excidisset
2201 2487 2513 2547 memoria:
2555 2499 2619 2548 et

425 2583 730 2654 creticum,
756 2600 933 2661 quem
959 2600 1103 2641 sane
1130 2590 1366 2661 putaret
1392 2597 1513 2639 non
1542 2579 1794 2639 admitti.
1879 2578 2056 2652 Nam,
2085 2580 2134 2641 si
2162 2580 2222 2640 in
2251 2600 2383 2642 eam
2411 2581 2615 2643 sedem

424 2699 603 2763 posse
628 2677 811 2758 recipi
836 2684 1154 2757 sperasset,
1176 2694 1297 2735 non
1318 2673 1507 2736 multa
1524 2672 1790 2735 carmina
1809 2674 2213 2737 subvertisset.
2269 2676 2620 2739 Proceleus-

426 2776 678 2837 maticus
705 2783 904 2835 autem
944 2772 1211 2851 proxime
1248 2769 1329 2831 ad
1354 2782 1627 2832 naturam
1654 2769 1876 2851 dactyli
1906 2770 2159 2844 accedit,
2187 2771 2466 2833 differens
2493 2794 2522 2834 s
2526 2775 2616 2854 yl-

423 2872 691 2934 labarum
718 2887 982 2941 numero,
1020 2874 1350 2946 temporum
1388 2866 1674 2927 tractibus
1721 2885 1849 2944 par.
1926 2866 2138 2928 Tribus
2180 2877 2379 2928 autem
2423 2870 2618 2931 modis

324 2962 333 2969 ’
427 2967 715 3046 excipitur
738 2984 846 3044 pes
874 2963 993 3023 ille.
1074 2964 1199 3023 Aut
1224 2964 1377 3023 enim
1404 2962 1600 3023 mollis
1629 2970 1742 3033 est,
1771 2972 1948 3039 atque
1977 2962 2350 3023 adminiculis
2371 2965 2617 3043 quibus-

426 3062 569 3123 dam
596 3060 841 3141 similior
865 3059 1057 3119 factus
1086 3057 1367 3138 dactylo:
1408 3068 1495 3129 ut,
1538 3065 1557 3092 ⁸
1581 3057 1796 3117 Genua
1823 3056 2028 3117 labant
2044 3056 2082 3117 :'
2121 3064 2139 3093 ⁴
2162 3057 2362 3117 Ariete
2381 3059 2417 3117 :’
2457 3065 2476 3093 ‘
2501 3059 2619 3119 Pa-

424 3155 715 3220 rietibus!
794 3155 1043 3215 Duabus
1092 3153 1249 3215 enim
1280 3154 1589 3215 vocalibus
1633 3153 1993 3225 constitutis,
2035 3152 2193 3233 prior
2235 3154 2618 3216 consonantis

425 3254 543 3315 vim
571 3251 871 3333 quandam
901 3251 1131 3311 videtur
1157 3252 1440 3312 obtinere.
1522 3250 1648 3311 Aut
1671 3260 1766 3311 est
1791 3248 2061 3330 apertior,
2104 3260 2172 3309 ut
2205 3248 2264 3309 in
2294 3268 2468 3309 versu
2495 3248 2620 3310 En·

426 3350 647 3410 niano:
689 3356 709 3383 ‘
732 3347 1041 3428 Capitibus
1070 3346 1335 3408 nutantis
1362 3347 1561 3427 pinus,
1602 3356 1916 3425 rectosque
1943 3344 2298 3423 cupressos.¹
2375 3346 2501 3405 Aut
2526 3358 2620 3407 est

428 3455 694 3517 coactus,
735 3445 987 3505 ademtis
1034 3443 1496 3504 consonantibus
1525 3440 1740 3521 quibus
1769 3440 2122 3521 syllabarum
2147 3440 2405 3499 brevitas
2433 3441 2620 3520 impe..

432 3541 633 3601 ditur:
672 3538 1006 3619 cujusmodi
1052 3547 1148 3599 est
1192 3537 1257 3596 in
1296 3537 1563 3597 Andria:
1606 3543 1629 3573 ⁴
1652 3535 1792 3595 Sine
1819 3535 2041 3595 invidia
2067 3535 2302 3596 laudem
2330 3537 2618 3621 invenias,

430 3649 495 3701 et
520 3640 743 3699 amicos
785 3636 1001 3718 pares.’
1082 3637 1291 3715 Itaque
1335 3635 1415 3696 ad
1458 3654 1595 3695 eum
1638 3653 1870 3695 versum
1915 3653 2048 3694 cum
2080 3632 2416 3695 devenisset
2441 3636 2624 3695 Eras-

430 3753 588 3808 mus,
634 3752 827 3812 neque
876 3750 1199 3810 agnoscere
1250 3729 1433 3791 vellet
1484 3728 2092 3808 proceleusmaticum,
2144 3747 2322 3807 quem
2377 3728 2440 3787 in
2496 3731 2618 3789 suis

429 3830 661 3910 legibus
718 3845 837 3887 non
884 3825 1311 3897 constituisset,
1363 3834 1427 3883 et
1475 3833 1714 3904 putaret
1758 3822 2094 3885 duriuscule
2140 3824 2285 3896 fieri,
2337 3822 2390 3883 si
2435 3822 2620 3885 AEoli-

431 3943 567 3986 cum
633 3922 933 4002 digamma
998 3919 1341 3991 auferretur,
1425 3928 1494 3977 ut
1558 3919 1746 3979 exiret
1808 3917 2413 3998 proceleusmaticus:
2485 3939 2621 3980 sus-

432 4021 567 4082 tulit
632 4029 853 4090 tamen,
933 4026 1001 4077 ut
1068 4014 1425 4094 exciperetur
1491 4014 1822 4096 tribrachys
1897 4016 1958 4073 in
2027 4013 2261 4075 duabus
2330 4016 2616 4095 prioribus

430 4117 675 4193 syllabis
752 4114 927 4194 hujus
996 4111 1270 4185 nominis,
1336 4118 1354 4147 ⁴
1396 4110 1637 4185 invidia,
1660 4114 1677 4138 ’
1743 4121 1806 4172 et
1871 4130 1945 4171 ex
2011 4110 2240 4170 duabus
2305 4114 2618 4189 postremis

433 4211 735 4273 vocalibus
764 4229 883 4270 una
911 4208 1143 4289 syllaba
1170 4219 1451 4271 concreta
1476 4218 1656 4269 esset.
1740 4208 1980 4278 Verum,
2009 4206 2162 4265 utin
2191 4216 2421 4281 natura,
2448 4208 2532 4267 ita
2555 4208 2618 4266 in
