3234 4934
579 355 710 423 172
1179 370 1614 422 Jvonmus
1664 370 2160 422 causamme

827 510 1116 589 Exclusit,
1143 524 1400 586 revocat,
1426 514 1713 575 redeam?
1750 535 1869 575 non
1900 516 1951 576 si
1980 535 2072 576 me
2100 518 2389 577 obsecret.

581 643 699 712 Qui
723 662 952 717 versus,
977 644 1027 704 si
1052 644 1346 723 producas
1373 643 1779 725 penultimam,
1807 645 1918 706 erit
1945 644 2273 726 dactylicus
2306 642 2684 711 σπονὸαΐέων.

817 771 962 831 Tres
987 791 1162 831 unam
1192 784 1440 852 pereunt
1467 773 1875 834 adolescentes
1900 774 2201 835 mulierem
2227 793 2244 833 ε

578 899 763 961 Totus
811 899 1164 981 dactylicus,
1206 911 1419 981 praeter
1459 902 1732 963 ultimum
1779 902 2055 964 iambum.
2162 904 2296 962 Hoc
2347 922 2536 983 genus
2582 911 2642 962 et
2690 902 2769 962 ad

578 996 911 1057 octonarios
939 996 1285 1077 producitur
1311 1018 1349 1059 a
1377 998 1660 1074 Cornicis,
1704 998 1808 1079 qui
1853 1010 1991 1060 sunt
2020 1001 2412 1080 τετρᾶμετροιι
2456 1019 2492 1059 a
2542 999 2767 1059 Latinis

578 1094 752 1152 etiam
783 1092 1056 1172 quadrati
1081 1103 1386 1156 vocantur.
1469 1096 1670 1157 Habet
1719 1095 1879 1175 apud
1927 1096 2169 1157 eosdem
2221 1104 2283 1155 et
2326 1096 2643 1169 κατάληξιν,
2688 1096 2772 1155 ita

579 1196 649 1249 ut
674 1187 751 1249 ad
782 1191 1077 1251 senarium
1104 1191 1344 1253 additus
1373 1192 1851 1273 amphibrachys,
1878 1192 1939 1254 id
1968 1203 2082 1266 est,
2110 1191 2340 1274 syllaba
2366 1190 2559 1252 brevis
2588 1189 2773 1270 longa

577 1286 819 1347 brevis:
861 1297 966 1347 aut
1011 1290 1314 1366 bacchius,
1359 1290 1420 1350 id
1466 1301 1579 1364 est,
1631 1290 1862 1371 syllaba
1886 1290 2080 1371 brevis
2107 1288 2309 1369 longa,
2355 1288 2593 1365 (ultima
2618 1287 2771 1348 enim

579 1381 808 1461 syllaba
833 1384 1021 1444 omnis
1048 1405 1254 1446 versus
1283 1397 1378 1446 est
1401 1384 1791 1461 indifferens,)
1816 1385 1931 1445 boc
1957 1404 2235 1446 numeros
2262 1382 2566 1465 perficiat:

820 1510 974 1571 Nam
1003 1512 1054 1570 si
1081 1514 1382 1573 remittant
1403 1512 1708 1595 quippiam
1737 1512 2144 1573 Philumenam
2168 1532 2185 1571 ε

577 1636 676 1698 bic
717 1648 812 1699 est
849 1645 1148 1719 τρίμετροι.
1227 1640 1542 1701 Addantur
1569 1641 1690 1702 illae
1719 1654 1838 1702 tres
1866 1641 2135 1721 syllaboe,
2188 1646 2207 1675 ‘
2230 1638 2509 1713 dolores:
2554 1649 2618 1699 et
2660 1641 2774 1699 erit

567 1734 696 1814 jam
722 1736 1083 1815 τετράμετροε·
1103 1740 1512 1810 καταληπτικός.
1569 1736 1725 1797 Nam
1753 1736 1811 1796 in
1840 1737 1956 1798 hoc
1983 1754 2199 1817 genere
2226 1736 2325 1796 alii
2352 1734 2559 1817 pedes,
2588 1754 2771 1813 quam

579 1850 761 1914 supra
781 1833 1105 1905 memorati,
1148 1853 1266 1894 non
1315 1834 1712 1895 nominantur.
1797 1833 1921 1894 Sed
1962 1854 2153 1913 neque
2182 1842 2493 1893 servarunt
2516 1831 2653 1903 hoc,
2704 1841 2773 1891 ut

578 1938 717 1989 ante
745 1930 1042 2002 κατάληξιν
1069 1948 1300 2009 semper
1327 1941 1486 1991 esset
1512 1931 1778 1991 iambus:
1824 1950 2019 2009 neque
2046 1948 2165 1989 non
2194 1948 2302 2013 pro
2330 1928 2563 2008 syllaba
2589 1927 2772 2007 longa

579 2023 930 2086 catalectica
957 2044 1118 2105 saepe
1147 2026 1298 2088 duas
1321 2028 1528 2089 breves
1557 2038 1923 2109 posuerunt:

822 2154 1072 2236 AEdepol
1099 2158 1368 2233 lenones,
1393 2178 1528 2218 meo
1557 2160 1773 2232 animo,
1802 2156 2039 2229 novisti,
2069 2157 2257 2215 Lusce
2283 2153 2497 2235 lepide.

581 2278 739 2343 Ante
764 2284 1064 2359 κατάληξιν
1087 2286 1394 2366 τρίβραχυς
1419 2297 1549 2347 est:

823 2412 1105 2471 Tacuisse
1129 2413 1457 2488 mavellem,
1481 2412 1644 2474 baud
1673 2411 1829 2474 male
1854 2410 2141 2473 meditate
2168 2370 2321 2470 male
2350 2408 2611 2469 dicaces.

583 2535 740 2599 Ante
771 2540 1070 2615 κατάληξιν
1094 2549 1188 2601 est
1215 2540 1537 2622 spondaeus
1561 2563 1578 2604 ε

823 2666 988 2727 Bene
1011 2688 1125 2748 ego
1148 2670 1322 2730 istam
1349 2670 1525 2732 eduxi
1553 2691 1703 2732 meae
1733 2670 1912 2745 domi,
1942 2652 2003 2731 et
2027 2666 2426 2749 pudice.—

1015 2764 1080 2823 Si
1108 2766 1284 2845 hujus
1314 2766 1572 2829 miseret.

585 2891 744 2954 Ante
770 2832 1071 2967 κζτάληξιν
1093 2903 1188 2955 est
1213 2893 1488 2973 dactylus
1512 2916 1528 2955 ε

826 3022 1146 3101 Nunquam
1174 3041 1268 3084 me
1297 3042 1493 3086 orares
1521 3026 1662 3106 quin
1694 3022 1898 3085 darem
1923 3044 1939 3085 :
1983 3042 2143 3082 nunc
2182 3020 2347 3081 illum
2377 3028 2435 3078 te
2464 3034 2775 3077 orat-eme-

982 3118 1098 3178 lius
1129 3132 1242 3181 est.

583 3250 606 3280 ‘
630 3244 766 3304 Lius
796 3255 890 3304 est
908 3244 925 3269 '
953 3245 1012 3304 in
1043 3265 1222 3306 unam
1249 3246 1538 3325 syllabam
1565 3255 1977 3307 concrescunt.
2063 3243 2143 3302 Hi
2170 3260 2376 3301 versus
2405 3236 2777 3319 appellantur

586 3340 986 3421 hipponactei,
1036 3342 1110 3400 ab
1153 3352 1414 3413 auctore,
1442 3354 1502 3401 et
1528 3343 1732 3401 Latine
1762 3340 2118 3421 septenarii:
2162 3348 2286 3397 tum
2317 3335 2492 3406 enim,
2522 3332 2779 3392 Priscia-

589 3456 702 3496 nus
730 3437 832 3509 ait,
860 3436 1184 3497 Varronem
1213 3437 1542 3517 scripsisse,
1579 3438 1706 3497 fieri
1748 3434 2165 3516 septenarium,
2212 3452 2347 3492 cum
2374 3430 2453 3491 ad
2482 3427 2777 3491 senarium

587 3531 900 3591 iambicum
926 3533 1265 3619 trisyllabus
1291 3552 1396 3612 pes
1427 3532 1703 3605 addatur,
1730 3533 1846 3593 hoc
1870 3530 2049 3592 modo
2074 3550 2091 3591 ι

834 3668 990 3738 Quid
1019 3669 1454 3731 immerentibus
1482 3670 1705 3731 noces?
1747 3669 1891 3750 quid
1919 3666 2149 3729 invides
2178 3666 2427 3727 amicis?

591 3808 758 3868 Talia
784 3817 926 3868 sunt
951 3805 1385 3889 Aristophanea
1408 3810 1466 3869 in
1497 3810 1695 3883 Pluto,
1722 3828 1970 3889 quorum
1998 3809 2247 3889 primum
2275 3807 2389 3865 hoc
2415 3823 2431 3861 ε

817 3934 900 3997 Ὦ
924 3941 1115 3997 πολλὰ
1142 3936 1210 4008 δὴ
1237 3930 1310 4019 τῷ
1339 3937 1583 4024 δεσπότῃ
1607 3938 1811 3999 ταύτὸν
1836 3942 2011 4017 θύμον
2036 3939 2344 4027 φαγόντες..

594 4077 978 4139 Trocbaicum
1007 4088 1244 4141 carmen
1287 4088 1381 4138 est
1417 4077 1733 4139 iambicum
1782 4085 2244 4139 commutatum:
2286 4068 2580 4130 trochaeus
2610 4084 2648 4124 a
2670 4082 2776 4125 vo·-

589 4170 882 4234 lubilitate
909 4182 969 4235 et
995 4174 1220 4236 ratione
1241 4193 1460 4235 nomen
1487 4174 1687 4249 habet,
1729 4174 2056 4237 contrarius
2094 4190 2199 4253 pes
2228 4168 2444 4238 iambo,
2492 4170 2775 4224 constans
