3234 4934
1152 340 1251 387 ns
1296 335 1575 385 narnis
1618 336 1940 387 comme.
2511 330 2642 399 119

462 484 756 547 cassionis
784 500 904 542 non
932 480 1217 561 recipiunt
1261 478 1437 539 aliurn
1464 497 1642 557 quam
1691 478 1970 555 iambum,
2010 488 2074 541 et
2107 479 2164 541 ei
2189 500 2390 561 parem
2430 486 2640 548 tribra-

464 582 640 643 chum
666 602 683 641 :
742 589 847 640 aut
900 577 951 638 si
998 575 1239 637 alterius
1293 574 1664 635 exhibuerint
1707 576 1873 637 metri
1917 578 2212 655 speciem:
2273 579 2434 658 quod
2482 582 2640 657 dico,

464 678 733 757 exemplo
785 674 995 736 faciam
1042 672 1349 733 illustrius.
1434 671 1543 731 Est
1594 672 1654 730 in
1707 672 1994 732 Eunucho
2034 673 2292 734 Terentii
2333 677 2532 737 statim
2576 681 2640 740 in

460 775 652 853 prima
678 772 897 852 pagina
919 771 1017 829 hic
1043 788 1249 830 versus
1270 769 1601 829 trimetrus:
1645 769 1912 842 exclusit,
1933 774 2185 843 revocat,
2201 770 2478 832 redeam?
2520 786 2640 837 non

463 876 515 929 si
540 878 631 929 me
658 871 945 929 obsecret.
1030 866 1205 926 Hunc
1234 866 1427 945 incipe
1453 864 1648 933 ferire,
1671 863 1958 924 videberis
1983 863 2228 927 heroum
2253 864 2470 929 habere
2490 869 2644 933 inter

462 984 670 1025 manus
699 963 776 1024 ad
803 980 1118 1023 summam:
1146 961 1351 1039 paucis
1376 958 1622 1039 syllabis
1645 959 1706 1019 in
1733 970 2032 1039 postremo
2059 962 2319 1035 mutatis,
2341 973 2504 1025 totus
2530 968 2644 1027 erit

460 1061 709 1122 herous:
756 1059 1043 1131 Exclusit,
1068 1068 1325 1129 revocat,
1364 1055 1648 1117 redeam?
1690 1075 1808 1116 non
1836 1058 1888 1116 si
1914 1076 2048 1117 mea
2069 1058 2192 1117 fiat.
2273 1059 2502 1121 Ponam
2529 1061 2642 1123 du-

458 1156 617 1217 bium
646 1155 911 1216 secundo
948 1155 1079 1213 loco
1106 1151 1337 1233 pedem,
1379 1151 1619 1230 propius
1671 1151 1971 1213 accedam.
2057 1152 2248 1215 Heres
2277 1156 2492 1218 atrides
2519 1178 2640 1219 οω-

444 1252 627 1313 ‘mum
651 1262 838 1313 testor
863 1250 1065 1310 fidem.
1144 1248 1334 1308 Varro
1360 1248 1419 1306 in
1452 1266 1577 1307 vu.
1655 1247 1971 1308 Clausulas
1996 1266 2232 1329 quoque
2257 1252 2506 1330 primum
2533 1272 2642 1335 ap-

454 1347 709 1426 pellatas
728 1347 955 1418 dicunt,
981 1346 1141 1426 quod
1168 1344 1513 1406 clauderent
1540 1344 1914 1417 sententiam,
1945 1357 2011 1405 ut
2036 1346 2194 1425 apud
2233 1348 2479 1411 Accium
2499 1370 2518 1409 ι
2559 1372 2640 1412 an

453 1440 587 1504 haec
604 1444 731 1523 jam
758 1442 923 1503 obliti
948 1450 1091 1503 sunt
1129 1440 1445 1521 Phryges?
1488 1440 1925 1519 Nonnunquam
1966 1442 2041 1501 ab
2082 1441 2174 1502 his
2203 1444 2432 1505 initium
2457 1447 2544 1521 fit,
2571 1457 2640 1508 ut

452 1538 617 1617 apud
647 1539 983 1599 Coecilium:
1028 1538 1110 1597 Di
1132 1540 1275 1599 boni
1297 1536 1443 1617 quid
1486 1536 1644 1598 hoc?
1703 1537 1882 1618 Apud
1900 1537 2272 1600 Terentium:
2315 1540 2639 1604 discrucior

454 1640 652 1695 antini.
738 1635 903 1695 Idem
931 1634 1118 1694 Varro
1146 1635 1205 1693 in
1236 1635 1445 1695 eodem
1473 1634 1575 1693 lib.
1596 1654 1726 1694 vn.
1755 1633 1831 1693 de
1876 1632 2104 1714 Lingua
2130 1636 2340 1697 Latina
2365 1638 2442 1698 ad
2473 1638 2636 1699 Mar-

450 1730 667 1791 cellum
696 1732 783 1791 sic
810 1731 996 1792 dicit:
1060 1732 1184 1791 Aut
1202 1730 1263 1790 in
1294 1741 1617 1791 extremum
1647 1731 1942 1791 senarium
1969 1730 2212 1793 totidem
2239 1734 2638 1814 semipedibus

452 1826 699 1905 adjectis
724 1830 829 1887 fiat
850 1828 1113 1887 comicus
1141 1826 1491 1905 quadratus,
1518 1836 1587 1885 ut
1610 1827 1706 1887 hic
1731 1848 1748 1887 :
1793 1828 1936 1889 Heri
1963 1828 2187 1907 aliquot
2208 1828 2636 1891 adolescentuli

449 1922 677 1983 coimus
704 1924 765 1981 in
794 1922 1039 1983 Piroeeo.
1087 1923 1405 1983 Trimetros
1435 1942 1640 1983 versus
1667 1924 1946 1985 iambicos
1975 1924 2228 1985 Terentii
2262 1936 2326 1985 et
2353 1925 2546 1987 Plauti
2573 1938 2636 1987 ct

448 2028 777 2080 ceterorum
801 2020 1157 2079 comicorum
1206 2030 1268 2079 et
1310 2020 1666 2097 tragicorum
1717 2018 1804 2079 M.
1831 2019 2059 2079 Tullius
2105 2020 2366 2080 senarios
2401 2020 2547 2082 dicit
2573 2033 2636 2083 et

450 2116 735 2175 nominat.
820 2115 1219 2185 Quintilianus
1261 2115 1439 2173 etiam
1485 2115 1782 2175 trimetros
1819 2114 2080 2175 senarios
2128 2113 2472 2176 nominavit.
2555 2116 2634 2178 Et

448 2210 689 2272 Flavius
718 2212 911 2291 Caper
936 2212 995 2271 in
1042 2211 1280 2271 Artibus
1328 2211 1452 2271 suis
1480 2211 1774 2271 trimetros
1810 2229 2014 2272 versus
2063 2210 2345 2273 iambicos
2375 2211 2634 2277 Terentii

448 2309 707 2367 senarios
735 2306 1073 2388 appellavit.
1158 2307 1251 2367 De
1280 2306 1480 2366 metris
1508 2305 1768 2366 Terentii
1809 2318 1870 2367 et
1900 2306 2096 2367 Plauti
2139 2316 2202 2366 et
2229 2316 2488 2367 ceterum
2529 2327 2632 2369 co-

448 2401 725 2463 micorum
753 2414 814 2463 et
838 2403 1195 2483 tragicorum
1223 2401 1563 2463 Victorinus
1590 2404 1680 2463 sic
1706 2403 1888 2465 dicit:
1931 2403 2236 2475 Quantum
2263 2412 2369 2463 aut
2394 2403 2474 2463 ad
2500 2423 2630 2464 ver-

447 2516 579 2556 sum
606 2499 895 2559 comicum
923 2508 1174 2577 spectat,
1204 2508 1271 2556 ut
1309 2498 1613 2578 paululum
1647 2518 1982 2579 evagemur,
2011 2498 2135 2559 scio
2161 2497 2444 2577 plurimos
2473 2500 2630 2559 affir-

446 2610 626 2661 mare,
672 2593 1055 2653 Terentianae
1091 2594 1187 2652 vel
1236 2592 1484 2653 maxime
1534 2592 1793 2652 Fabulae
1841 2606 2092 2653 metrum
2139 2593 2217 2653 ad
2256 2594 2630 2674 disciplinam

447 2688 791 2747 Graecarum
819 2687 1251 2748 Comoediarum
1279 2707 1397 2747 non
1422 2688 1779 2762 custodisse,
1805 2688 1848 2749 i.
1873 2709 2024 2768 quas
2054 2687 2401 2760 Menander,
2431 2690 2629 2751 Phile-

444 2800 607 2855 mon,
652 2783 951 2861 Diphilus,
997 2792 1061 2843 et
1106 2782 1285 2843 ceteri
1337 2782 1670 2842 ediderunt.
1781 2784 1988 2847 Nostri
2041 2804 2101 2844 n.
2159 2785 2220 2842 in
2247 2783 2626 2847 modulandis

443 2876 731 2955 rhythmis
760 2896 865 2936 seu
890 2878 1111 2947 metris,
1136 2876 1369 2937 Veteris
1398 2876 1722 2935 Comoedioe
1741 2877 2054 2955 scriptores
2083 2880 2249 2960 sequi
2275 2880 2626 2953 maluerunt,

440 2968 482 3028 i.
531 2970 825 3051 Eupolim,
887 2969 1216 3042 Cratinum,
1262 2969 1750 3047 Aristophanem:
1820 2971 2098 3051 prologos
2143 2974 2364 3051 itaque,
2408 2984 2470 3034 et
2509 2977 2628 3054 pri-

443 3085 670 3126 marum
718 3084 1025 3125 scenarum
1056 3074 1224 3125 actus
1272 3064 1545 3125 trimetris
1594 3065 2197 3149 comprehenderunt:
2241 3064 2456 3153 deinde
2496 3069 2626 3130 lon-

442 3162 719 3241 gissimos
748 3162 787 3222 i.
816 3170 1185 3221 tetrametros
1200 3160 1591 3221 subdiderunt
1605 3162 1708 3239 qui
1729 3162 2102 3241 appellantur
2120 3162 2434 3242 quadrati:
2465 3178 2628 3246 post-

441 3277 515 3319 ea
552 3260 613 3318 in
646 3256 1029 3337 sequentibus
1080 3257 1483 3317 variaverunt:
1524 3257 1704 3317 modo
1749 3278 1812 3318 n.
1843 3258 2164 3332 trimetros,
2201 3261 2384 3325 modo.
2420 3263 2624 3325 addito

443 3352 770 3433 quadrante
807 3351 899 3413 vel
928 3352 1173 3413 semisse
1200 3363 1545 3432 posuerunt,
1587 3354 1627 3412 i.
1659 3353 1957 3433 semipede
1995 3354 2252 3434 adjecto,
2277 3357 2370 3419 vel
2396 3360 2624 3439 integro

442 3440 599 3526 pede'
633 3448 827 3507 iambo
854 3448 949 3513 vel
975 3446 1327 3527 sesquipede
1350 3466 1369 3505 :
1398 3447 1528 3508 hoec
1550 3467 1653 3527 per
1681 3448 1904 3509 medios
1933 3460 2124 3524 actus,
2150 3452 2308 3513 varie
2338 3474 2539 3517 rursus
2567 3456 2628 3515 in

442 3543 603 3603 exitu
628 3540 982 3603 Fabulamm
1008 3544 1351 3622 quadratos,
1379 3544 1583 3623 quales
1614 3545 1868 3605 diximus
1892 3547 1952 3605 in
1969 3548 2237 3609 secunda
2265 3568 2448 3611 scena
2465 3552 2627 3613 loca·

442 3648 675 3697 verunt.
744 3636 863 3697 Sed
888 3637 1044 3698 idem
1070 3640 1345 3717 quadrati
1390 3641 1638 3720 legitimi
1685 3661 1822 3703 cum
1851 3661 1999 3703 xvi.
2045 3644 2290 3725 syllabis
2309 3648 2486 3726 juxta
2522 3649 2624 3727 Jus

440 3734 741 3814 proprium
784 3744 1057 3794 constare
1088 3734 1361 3811 debeant,
1408 3737 1752 3818 plerumque
1799 3740 2176 3801 inveniuntur
2205 3762 2325 3801 xx.
2368 3752 2474 3803 ant
2500 3760 2626 3802 am-

439 3830 598 3911 plius
638 3828 1035 3909 syllabarum:
1076 3829 1215 3891 hinc
1234 3831 1640 3893 existimantur
1665 3844 1916 3895 metrum
1941 3854 2060 3896 non
2081 3836 2365 3909 tenuisse,
2383 3857 2496 3897 nec
2517 3858 2628 3899 sua

441 3927 574 4005 lege
601 3926 1025 4003 composuisse.
1127 3926 1305 3996 Quod
1356 3948 1496 3990 vero
1545 3930 1624 3990 ad
1679 3929 2000 4001 clausulas,
2029 3931 2067 3991 i.
2117 3932 2449 3995 minuscula
2493 3935 2630 3996 cola

441 4022 715 4101 pertinet,
743 4031 893 4100 quot
914 4040 1135 4100 genera
1163 4040 1435 4085 versuum
1463 4036 1624 4098 sunt,
1652 4024 1896 4085 totidem
1923 4027 2188 4087 membra
2213 4045 2318 4105 pro
2345 4027 2628 4091 clausulis

442 4117 578 4197 poni
610 4127 879 4197 possunt,
928 4128 989 4177 et
1033 4117 1229 4185 solent
1268 4120 1330 4180 in
1375 4122 1618 4182 canticis
1664 4122 1850 4201 magis
1881 4141 2058 4201 quam
2087 4121 2360 4183 diverbiis
2395 4144 2527 4205 quoe
2556 4146 2629 4187 ex
