3234 4934
597 417 688 485 52
1256 427 1528 477 vic-roa
1577 427 1674 475 nu
1720 423 2103 476 commum.

599 585 811 634 natura
833 569 1154 642 desiderat,
1179 569 1400 649 duplici
1427 589 1488 630 ss
1518 569 1725 629 Latine
1752 568 1991 648 quidem
2018 575 2355 641 annotatur,
2384 567 2559 628 sicuti
2584 571 2779 647 φιλιπ-

599 674 771 742 πίἓω,
816 667 1162 748 philippisso
1191 677 1303 727 est.
1387 667 1478 725 Ita
1505 663 1757 747 κωμῳδία
1786 665 1956 742 quasi
1984 661 2336 744 κωμαὲῳδία,
2378 661 2651 722 videlicet
2678 681 2779 722 co-

599 763 982 826 messantium
1023 763 1322 823 hominum
1353 761 1672 821 cantilena.
1755 759 1905 828 Quae
1934 759 2277 819 Graecorum
2302 767 2362 818 et
2390 757 2616 818 Donati
2644 777 2780 818 sen·

600 862 786 922 tentia
810 861 1059 920 maxime
1102 858 1335 937 placet:
1377 877 1508 917 cum
1553 856 1880 936 praesertim
1908 855 2287 916 doctissimus
2316 854 2567 932 quisque
2596 853 2785 913 fatea-

600 967 697 1018 tur
723 957 784 1016 in
811 956 1185 1036 Dionysiacis
1212 954 1737 1016 comessationibus
1764 953 1827 1014 id
1870 972 2059 1033 genus
2086 952 2375 1031 polimatis
2406 968 2443 1009 a
2468 950 2781 1009 Veteribus

600 1053 785 1112 fuisse
809 1053 1188 1118 celebratum.
1271 1052 1321 1111 Ii
1347 1070 1483 1111 vero
1509 1050 1652 1110 mihi
1680 1050 1841 1110 nullo
1869 1061 2045 1130 pacto
2072 1045 2327 1108 blandiri
2356 1057 2627 1133 possunt,
2676 1045 2781 1124 qui

601 1167 817 1208 nomen
844 1148 958 1209 hoc
979 1148 1092 1207 ἀπὸ
1120 1158 1230 1208 τῶν
1249 1157 1442 1217 κωμῶν
1465 1144 1726 1207 derivare
1747 1146 2135 1216 contendunt,
2158 1144 2436 1223 quoniam
2458 1140 2782 1202 Athenien-

605 1263 700 1304 ses
726 1243 911 1326 (apud
939 1261 1088 1323 quos
1117 1253 1315 1301 natam
1341 1243 1481 1314 fere,
1511 1252 1572 1302 et
1599 1255 1833 1302 auctam
1863 1261 1996 1301 esse
2030 1238 2396 1300 Comoediam
2438 1255 2614 1298 nemo
2656 1255 2781 1294 am-

602 1337 775 1417 bigit)
821 1338 1022 1420 δήμους
1068 1347 1374 1408 vocarunt,
1425 1357 1562 1416 quse
1617 1339 1695 1395 ab
1742 1337 1874 1396 aliis
1923 1347 2099 1415 κῶμαι
2145 1337 2397 1396 fuissent
2445 1333 2779 1413 appellatoe.

607 1433 920 1497 Enimvero
945 1435 1090 1495 illud
1124 1455 1302 1495 unum
1331 1435 1469 1493 mihi
1497 1435 1799 1514 negotium
1826 1435 1988 1506 facit,
2036 1453 2109 1492 ne
2137 1433 2363 1493 scilicet
2392 1432 2639 1492 Comum
2667 1431 2781 1490 ἀπὸ

603 1539 715 1588 τῶν
742 1543 937 1610 κωμῶν
979 1531 1209 1589 Graecia
1250 1528 2037 1622 dixerit:·quemadmodum
2080 1528 2333 1586 Romani
2378 1527 2783 1588 Fornacaliam

605 1627 852 1685 servatis
882 1627 956 1686 ab
984 1625 1258 1684 incendio
1286 1626 1518 1684 coluere
1546 1625 1924 1685 fornacibus:
1968 1634 2029 1683 et
2076 1622 2392 1700 Robigum,
2441 1621 2563 1681 sive
2598 1621 2783 1681 Rubi-

606 1721 824 1798 ginem,
852 1731 1030 1799 atque
1058 1721 1202 1780 alios
1231 1721 1582 1800 complures,
1630 1739 1667 1778 a
1712 1719 1927 1799 quibus
1967 1727 2291 1797 praeessent
2316 1718 2492 1778 rebus
2520 1717 2784 1796 appella-

503 1850 512 1858 ·
607 1833 763 1875 vere.
823 1815 1156 1893 Utcumque
1182 1825 1377 1874 tamen
1409 1834 1541 1874 sese
1567 1834 1659 1874 res
1684 1815 1923 1888 habeat,
1951 1817 2076 1892 περὶ
2105 1815 2167 1874 τὸ
2189 1813 2473 1891 nuptiis-ev
2500 1811 2784 1891 appellari

609 1909 973 1969 Comoediam
1002 1911 1225 1970 affirmo
1251 1929 1268 1969 :
1311 1911 1610 1988 quoniam,
1654 1910 1767 1970 etsi
1793 1913 1916 1987 περὶ
1944 1914 2041 1970 τὰς
2066 1916 2248 1988 κώμας
2274 1908 2505 1969 dicatur
2530 1910 2561 1966 ὀ
2592 1919 2783 1988 κῶμος,

603 2013 804 2064 tamen
833 2006 906 2064 ab
935 2024 1006 2065 eo
1033 2007 1096 2066 τὸ
1125 2007 1425 2083 κωμάἐειν,
1469 2005 1630 2065 unde
1658 2005 1908 2086 κωμῳδία
1934 2004 2103 2083 quasi
2138 2005 2511 2084 κυμαὲόντυν
2537 2004 2651 2085 ᾀδι)
2677 2023 2787 2064 no-

605 2099 879 2160 minatur.
935 2103 1152 2162 Verum
1181 2121 1253 2162 ex
1280 2101 1410 2183 ipso
1428 2102 1555 2182 jam
1581 2102 1817 2163 nomine
1844 2100 2033 2181 patuit
2058 2120 2327 2180 quaenam
2356 2100 2618 2160 definitio
2646 2120 2786 2180 pos·

605 2193 684 2254 sit
731 2193 1054 2256 Comoediae
1103 2199 1437 2271 convenire,
1491 2200 1705 2278 poEma
1759 2198 1983 2258 scilicet
2030 2193 2437 2256 demulcendis
2486 2194 2783 2256 hominum

603 2291 920 2364 mentibus,
965 2293 1447 2370 excutiendisque
1493 2292 1865 2370 potissimum
1914 2290 2217 2349 cachinnis
2258 2288 2785 2352 accommodatum.

607 2382 742 2444 Hoc
770 2386 959 2446 innuit
985 2386 1287 2466 Virgilius,
1315 2397 1378 2446 et
1399 2385 1484 2446 illi
1511 2385 1879 2458 Graecorum,
1906 2383 2009 2464 qui
2033 2381 2292 2443 Θάλειαν
2318 2382 2555 2441 Musam
2587 2383 2785 2443 Comi-

607 2478 692 2537 cis
718 2479 1032 2557 proesidere
1060 2482 1414 2540 cecinerunt.
1479 2481 1632 2549 Quae
1660 2479 1905 2551 scilicet,
1931 2479 2157 2539 festivis
2185 2477 2483 2558 pullulans
2500 2477 2677 2556 jocis,
2702 2481 2783 2542 ad

604 2573 784 2634 risum
833 2594 1023 2654 usque
1071 2577 1344 2638 delectet.
1429 2576 1561 2636 Hoc
1607 2577 1787 2636 etiam
1836 2574 2181 2636 Aristoteles
2225 2575 2645 2654 comprobavit,
2694 2577 2785 2636 in-

605 2667 836 2745 quiens,
889 2672 1052 2749 qu'od
1105 2673 1168 2729 in
1212 2671 1574 2749 turpitudine
1619 2669 1931 2730 ridiculum
1975 2680 2087 2741 est,
2140 2669 2503 2728 Comoediam
2552 2669 2781 2733 imitari.

606 2763 1100 2844 Quandoquidem
1129 2766 1270 2826 illud
1317 2766 1576 2846 inprimis
1605 2768 1799 2847 po’etae
1826 2768 1999 2826 rebus
2027 2775 2088 2824 et
2114 2765 2305 2824 verbis
2336 2755 2563 2842 efficere
2605 2787 2786 2828 cona-

605 2857 857 2918 bantur:
899 2859 1032 2937 ipsa
1075 2859 1310 2939 quidem
1361 2880 1422 2920 re
1470 2861 1751 2935 bifariam,
1794 2860 2068 2920 videlicet
2093 2859 2189 2920 vel
2216 2860 2491 2940 opinione
2518 2881 2647 2935 sua,
2689 2865 2785 2924 vel

607 2949 844 3013 alterius
871 2957 1250 3034 persuasione
1295 2956 1576 3037 deceptas
1622 2957 1902 3036 fingendo
1944 2975 2267 3037 personas:
2310 2956 2527 3017 deinde
2566 2977 2785 3038 mag-na

603 3049 860 3120 nomina,
883 3050 975 3109 vel
1007 3051 1168 3110 Deos
1190 3051 1519 3112 mortalium
1542 3054 1852 3129 postremis
1875 3051 2308 3132 componendo,
2332 3053 2506 3113 sicuti
2535 3053 2783 3115 Plautus

601 3142 662 3199 in
711 3144 1132 3228 Amphitryone
1179 3147 1532 3206 Mercurium
1582 3148 1823 3206 simulat
1868 3167 2043 3226 agene
2090 3147 2317 3207 Sosiam
2343 3166 2359 3205 z
2416 3147 2513 3206 vel
2556 3161 2783 3220 contra,

605 3238 1098 3316 quemadmodum
1126 3241 1184 3298 in
1215 3239 1400 3299 Ranis
1441 3240 1849 3318 Aristophanis
1896 3239 2123 3300 Fabula
2150 3239 2442 3300 Xanthias
2476 3241 2591 3300 vile
2618 3260 2782 3300 man-

603 3331 819 3411 cipium
849 3333 1162 3394 Herculem
1206 3334 1354 3412 agit.
1434 3335 1757 3394 Verborum
1807 3346 2003 3392 autem
2051 3332 2242 3393 modis
2290 3344 2513 3413 septem
2556 3337 2782 3396 Comici

603 3427 758 3488 risus
784 3429 1160 3488 excitabant:
1204 3428 1295 3487 vel
1323 3429 1545 3489 scilicet
1573 3430 1743 3509 plura
1772 3429 2110 3509 significans
2140 3429 2377 3488 verbum
2405 3443 2781 3510 usurpantes,

601 3524 762 3602 quod
793 3525 1155 3603 grammatici
1195 3523 1403 3584 dicunt
1431 3527 1792 3604 ὁμωνυμίανε
1836 3525 1930 3584 vel
1957 3523 2127 3603 plura
2156 3523 2599 3602 significationis
2627 3527 2782 3606 ejus·

592 3619 758 3699 dem,
787 3619 948 3696 quod
976 3628 1188 3678 vocant
1216 3621 1608 3698 συνωνυμίανε
1652 3619 1747 3678 vel
1780 3618 2077 3698 proprium
2106 3618 2345 3697 aliquod
2371 3619 2645 3682 ludentes
2672 3643 2781 3684 no·

604 3734 736 3774 men
783 3733 854 3774 ea
897 3714 1134 3793 quidem
1177 3715 1421 3788 ratione,
1463 3735 1583 3794 qua
1626 3734 1736 3775 nos
1778 3713 2071 3775 interdum
2120 3721 2138 3750 ‘
2161 3716 2483 3777 oratorem'
2530 3717 2777 3780 dicimus

607 3817 623 3842 ‘
647 3809 972 3881 aratorem,'
997 3809 1156 3887 quod
1185 3809 1266 3868 illi
1295 3820 1639 3888 nuncupant
1660 3816 2045 3889 παρωννμὶαν,
2068 3810 2161 3870 vel
2182 3811 2391 3870 eadem
2416 3813 2635 3892 soepius
2658 3835 2775 3875 non

599 3906 911 3964 invenuste
948 3904 1287 3982 repetendO,
1331 3903 1488 3983 quod
1535 3905 1839 3984 appellant
1880 3904 2269 3986 ἅδολεσχίανε
2312 3905 2641 3986 cujusmodi
2686 3920 2777 3969 est

600 3998 748 4058 illud
779 3999 1108 4058 Ennianum
1134 4000 1208 4058 ab
1233 3999 1388 4059 Aulo
1417 3999 1612 4060 Gellio
1640 4003 1905 4074 citatum,
1936 4002 2033 4060 ubi
2064 4003 2301 4062 verbum
2329 4001 2443 4061 hoc
2496 4011 2513 4036 ‘
2532 4003 2745 4063 frustra
2768 4007 2783 4028 '

605 4105 666 4152 et
691 4099 708 4126 ‘
727 4093 1033 4166 frustrari,’
1059 4093 1254 4154 decies
1281 4093 1489 4156 eodem
1518 4094 1651 4155 loco
1678 4096 2041 4156 inculcatur:
2072 4096 2162 4156 vel
2194 4096 2549 4176 aspernandi
2578 4099 2775 4159 studio

605 4187 944 4249 diminutiva
969 4189 1326 4250 formantes:
1368 4190 1460 4251 vel
1503 4188 1761 4269 aliquam
1808 4191 1967 4253 haud
2009 4191 2261 4252 absurde
2288 4191 2515 4254 literam
2542 4205 2775 4256 mutan-
