3234 4934
639 449 726 514 2⁰
1495 443 1500 448 ’
1525 463 1943 514 marmio.

644 607 1017 676 Comoediis
1057 613 1447 690 argumenta
1491 562 2001 690 praemittuntur,
2047 606 2271 670 soluto
2323 625 2637 672 sermone.
2674 627 2836 674 con-

655 712 859 787 fecta,
889 710 976 772 ab
1005 708 1206 773 editis
1236 708 1525 773 diversa.
1613 706 1939 771 Codicem
1984 705 2265 771 inchoat
2311 705 2467 774 Vita
2513 709 2837 789 Terentii,

646 831 848 896 quam
872 829 962 875 ex
988 809 1226 876 codice
1257 809 1631 874 oxoniensi
1659 809 1747 873 ab
1778 807 2026 872 Abrah.
2056 808 2403 874 Gronovio
2433 809 2835 895 descriptam

641 912 728 977 A.
750 913 844 978 H.
866 912 1367 977 Westerhovius
1397 911 1680 976 editioni
1714 911 1935 993 Hagae
1961 909 2204 976 Comit.
2234 912 2425 977 1726.
2452 917 2837 996 procurata-5
2964 903 2981 916 '

636 1015 908 1080 inseruit
952 1033 1108 1097 pag.
1141 1028 1408 1077 xxxn.
1453 1029 1523 1077 et
1568 1027 1869 1076 xxxlu.
1957 1011 2167 1077 vitiis
2215 1014 2653 1098 apographon
2702 1014 2831 1079 hoc

639 1116 1048 1199 inquinatum
1083 1133 1236 1179 esse
1266 1133 1482 1197 neque
1511 1111 2041 1192 Westerhovius,
2077 1133 2319 1199 neque,
2367 1115 2486 1200 qui
2531 1115 2831 1181 Westcr·

637 1216 988 1282 hovianam
1011 1216 1372 1281 editionem
1400 1215 1661 1298 Lipsiae
1686 1217 1970 1300 repetiit,
2013 1215 2314 1282 Zeunius
2342 1235 2406 1283 a.
2437 1217 2630 1283 1774.
2660 1219 2831 1282 odo-

635 1326 820 1384 ratus
847 1325 975 1383 est.
1023 1317 1288 1382 Plenior
1310 1325 1382 1382 et
1407 1317 1780 1382 accuratior
1807 1317 2005 1401 hujus
2029 1318 2215 1385 Vitae
2246 1319 2452 1386 editio
2481 1339 2569 1384 ex
2596 1330 2832 1386 nostro

639 1421 872 1486 codice
901 1439 1074 1486 nunc
1103 1420 1386 1503 prodiitg
1431 1427 1642 1503 atque
1667 1420 1775 1485 vel
1817 1420 2022 1505 plane
2050 1441 2181 1485 non
2206 1422 2313 1487 vel
2341 1429 2656 1488 accurato
2683 1438 2830 1486 eam

637 1521 958 1588 edendam
992 1521 1222 1599 fuisse,
1252 1521 1628 1587 concedent
1680 1541 1936 1600 omnes,
1968 1521 2085 1606 qui
2136 1523 2559 1607 antiquarum
2606 1522 2831 1588 litera·-

638 1643 786 1689 rum
815 1643 946 1689 non
977 1625 1178 1709 plane
1208 1622 1412 1689 rudes
1443 1629 1620 1688 sunt.
1696 1621 1871 1702 Quis
1899 1623 2097 1707 hujus
2124 1622 2311 1689 Vitae
2340 1631 2573 1689 auctor
2602 1623 2833 1704 fuerit,

634 1745 768 1791 non
795 1726 1029 1810 liquet.
1115 1725 1213 1804 Si,
1262 1725 1384 1808 qui
1407 1732 1862 1807 argumentum
1888 1723 2190 1804 Andriae,
2220 1726 2403 1810 quod
2443 1727 2513 1790 in
2544 1725 2833 1790 editione

636 1837 870 1893 nostra
898 1847 1050 1892 cum
1079 1825 1252 1892 Vita
1275 1826 1573 1891 Terentii
1605 1826 2043 1904 connectitur,
2092 1828 2390 1911 scripsit,
2440 1826 2645 1892 etiam
2676 1845 2832 1891 auc-

635 1936 742 1995 tor
774 1929 960 1994 Vitae
1003 1927 1324 2007 Terentii,
1354 1949 1510 2013 quse
1542 1929 1887 2014 praecedit,
1916 1928 2261 1994 habendus
2307 1937 2430 2005 est,
2461 1927 2643 2012 quod
2680 1943 2835 2011 per-

635 2050 840 2114 quam
868 2031 1234 2096 verisimile
1260 2038 1389 2127 est,
1433 2029 1876 2114 Eugraphius,
1924 2030 2043 2113 qui
2070 2030 2244 2095 vixit
2270 2030 2532 2096 saeculo
2562 2026 2830 2094 decimo

641 2133 742 2220 (v.
771 2141 1006 2200 testem
1059 2135 1128 2197 in
1173 2133 1331 2198 edit.
1381 2131 1592 2197 Zeun.
1641 2150 1712 2214 p.
1746 2127 1948 2213 xx.)‚
1992 2130 2229 2196 Vitam
2278 2129 2564 2216 scripsit.
2652 2129 2723 2196 N
2724 2151 2835 2196 am

639 2241 992 2319 postrema
1019 2233 1216 2316 hujus
1246 2233 1619 2315 argumenti
1650 2232 1893 2297 verba:
1936 2238 1957 2266 ⁸
1983 2231 2215 2297 Verba
2255 2239 2409 2298 sunt
2450 2231 2834 2317 Caliopiiu-

639 2334 988 2419 plaudite,’
1031 2335 1335 2401 Faernus
1386 2341 1614 2418 aperte
1644 2335 1879 2398 tribuit
1908 2333 2291 2418 Eugraphio
2320 2334 2390 2398 in
2416 2341 2579 2398 nota
2609 2333 2696 2398 ad
2728 2337 2831 2400 ul-

638 2438 872 2501 timum
901 2455 1169 2502 versum
1198 2435 1502 2514 Andriae,
1533 2455 1733 2518 quam
1769 2435 1921 2518 lege
1954 2437 2027 2500 in
2054 2435 2218 2501 edit.
2248 2435 2661 2500 Bentleiana
2696 2434 2835 2501 Te-

638 2540 834 2603 rentii
867 2539 1062 2622 Lips.
1090 2539 1290 2604 1791.
1317 2557 1557 2604 recusa
1585 2557 1655 2619 p.
1684 2537 1792 2602 95.
1841 2538 2023 2604 Ante
2035 2537 2485 2616 Petrarcham‚
2514 2539 2631 2622 qni
2658 2539 2836 2604 vixit

636 2659 797 2706 saec.
816 2657 982 2704 xus.
1003 2651 1349 2708 exaratam
1372 2660 1552 2719 esse,
1575 2646 1765 2724 patet
1782 2659 1871 2704 ex
1891 2640 2113 2705 Dictis
2136 2637 2288 2722 ejus
2312 2639 2491 2724 apud
2503 2638 2833 2704 Westerh.

635 2761 788 2825 pag.
824 2757 1110 2806 xxxiv.
1140 2762 1291 2826 sqq.
1321 2741 1703 2825 complures
1748 2739 2063 2818 auctoris,
2108 2757 2308 2822 quem·
2350 2738 2439 2803 ad
2474 2739 2835 2806 modernos

637 2843 909 2926 ablegat
945 2851 1014 2908 et
1045 2843 1493 2909 scholasticos
1523 2859 1737 2906 rerum
1780 2841 2072 2924 ignaros,
2118 2857 2375 2904 errores
2419 2840 2832 2922 castigantis.

639 2943 1104 3010 Scholasticus
1147 2965 1308 3011 vero
1354 2945 1631 3010 denotat
1672 2942 1891 3009 virum
1940 2941 2277 3025 dignitatis
2324 2941 2838 3020 ecclesiasticae,

638 3047 758 3130 qui
791 3047 1045 3111 scholis
1075 3046 1556 3112 ecclesiasticis
1581 3051 1893 3129 praeerat,
1913 3042 2013 3130 (v.
2044 3043 2313 3109 Fabric.
2340 3031 2663 3110 Biblioth.
2682 3042 2833 3108 Lat.

641 3165 689 3211 1.
719 3149 827 3212 33.
859 3167 939 3213 11.
966 3151 1109 3228 36.)
1153 3168 1289 3232 quo
1319 3167 1520 3212 sensu
1550 3145 1924 3229 Caliopius,
1972 3147 2170 3227 cujus
2212 3145 2686 3222 recensionem,
2732 3153 2839 3210 ut-

638 3254 802 3332 pote
832 3250 1126 3312 omnium
1154 3249 1482 3332 optimam
1508 3247 1833 3324 habitam,
1856 3246 2079 3311 scriba
2109 3263 2299 3310 suam
2327 3242 2515 3322 fecit,
2542 3247 2839 3310 scholas-

639 3350 816 3414 ticus
861 3355 1134 3415 vocatur
1175 3350 1245 3413 in
1292 3348 1424 3413 fine
1475 3349 1757 3413 codicis.
1844 3349 2150 3414 Ceterum
2196 3347 2403 3411 Dicta
2460 3345 2841 3413 Petrarchoe

641 3453 786 3516 sive
817 3450 897 3514 P.
933 3450 1232 3515 Terentii
1263 3449 1436 3515 Vita
1460 3449 1545 3514 de
1590 3449 1815 3514 Dictis
1864 3452 1955 3516 D.
1982 3449 2063 3514 F.
2096 3447 2479 3512 Petu-archae
2530 3447 2838 3515 desumta

636 3569 725 3615 ex
755 3552 1047 3616 editione
1080 3550 1572 3616 Mediolanensi
1601 3551 1797 3617 1476.
1840 3570 1974 3635 quo
2013 3549 2281 3614 nomine
2308 3548 2492 3632 apud
2534 3547 2834 3614 Wester-

637 3652 914 3718 hovium
941 3653 986 3716 l.
1020 3671 1078 3717 c.
1106 3652 1367 3735 legitur,
1396 3658 1586 3717 extat
1611 3652 1813 3716 etiam
1833 3652 1902 3718 in
1920 3651 2154 3716 codice
2178 3651 2635 3735 manuscripto
2666 3649 2835 3716 Vin-

641 3753 1036 3832 dobonensi,
1068 3773 1266 3838 quem
1301 3773 1390 3818 ex
1420 3752 1788 3819 Lambecio
1817 3753 2009 3818 affert
2039 3751 2308 3816 Fabric.
2328 3750 2374 3815 l.
2401 3771 2463 3815 c.
2496 3769 2546 3816 1.
2568 3751 2679 3818 81.
2708 3753 2836 3817 ibi·

639 3875 769 3940 que
797 3856 1073 3921 laudata
1115 3864 1502 3939 argumenta
1541 3855 1794 3920 inedita
1834 3855 2130 3919 omnium
2173 3853 2655 3918 comoediarum
2700 3853 2835 3917 for-

638 3963 820 4021 tasse
843 3956 1082 4021 eadem
1113 3963 1268 4020 sunt
1295 3977 1446 4040 qnae
1474 3975 1649 4021 nunc
1670 3973 1761 4021 ex
1789 3955 2022 4021 codice
2051 3954 2339 4019 Halensi
2366 3953 2786 4037 protulimus.

725 4055 1096 4122 Comoediae
1133 4077 1266 4122 non
1307 4057 1572 4122 disertis
1624 4056 1849 4121 verbis
1894 4056 2161 4121 actibus
2208 4061 2275 4119 et
2326 4053 2833 4130 scenis-,divisae

641 4164 815 4222 sunt.
903 4159 1180 4224 Initium
1209 4165 1426 4224 tamen
1455 4175 1651 4224 novae
1680 4177 1905 4225 scenae
1934 4158 2156 4242 prodit
2178 4159 2391 4238 major
2414 4155 2690 4221 initialis
2716 4173 2835 4218 vo-

641 4260 742 4324 cis
786 4259 1010 4340 litera3
1057 4260 1296 4327 deindo
1340 4261 1654 4344 spatium,
1717 4279 1853 4344 quo
1906 4279 1951 4326 a
1996 4255 2403 4342 praecedenti
2446 4263 2834 4340 separatum
