3234 4934
660 394 792 461 196
823 426 830 434 ·
1503 410 1612 459 ιο.
1664 408 1994 460 seuerus

655 558 841 618 altera
865 555 1076 626 brevis,
1117 553 1218 633 qui
1255 553 1508 614 maxime
1553 552 1749 611 iambo
1796 551 2128 612 contrarius
2170 560 2283 613 est.
2366 551 2545 622 Quod
2588 552 2725 615 ideo
2752 555 2853 616 hic

655 653 842 712 obiter
867 668 1100 723 moneo,
1141 649 1282 729 quia
1327 649 1535 709 Cicero
1579 660 1643 709 et
1684 647 2089 715 Quintilianus
2130 648 2293 709 hunc
2326 647 2541 728 pedem
2571 648 2851 713 choreum

621 766 627 773 ·
654 748 997 828 plerumque
1023 744 1345 827 appellant,
1373 743 1538 803 illum
1559 753 1755 803 autem
1780 742 2027 803 alterum
2056 744 2242 803 tribus
2270 745 2543 804 brevibus
2569 756 2851 805 constan-

655 852 776 903 tem
805 842 1130 903 trochaeum
1157 851 1405 902 vocant:
1449 839 1808 901 contrarium
1834 858 1971 900 vero
2000 840 2144 900 facit
2173 839 2590 919 Hephaestion,
2632 850 2694 901 et
2726 841 2853 922 ple-

654 939 822 1016 rique
851 937 1248 1017 grammatici;
1290 956 1444 1016 quos
1481 935 1617 996 ideo
1662 935 1983 1014 sequimur,
2026 955 2101 995 ne
2132 954 2169 995 a
2202 953 2361 998 more
2388 947 2625 1017 recepto
2654 936 2850 1000 disce-

661 1034 800 1095 dere
829 1033 1152 1093 videamur.

690 1174 696 1181 .
737 1128 1254 1199 Proceleusmatici
1279 1128 1519 1209 quidem
1547 1128 1741 1188 minus
1770 1127 2105 1207 frequenter
2132 1138 2449 1189 occurrunt
2467 1146 2647 1208 quam
2672 1129 2853 1189 ceteri

657 1226 841 1307 pedes
871 1246 1051 1305 supra
1077 1226 1400 1298 rnem'orati,
1429 1224 1538 1285 sed
1567 1244 1993 1304 nonnunquam
2019 1233 2217 1285 tamen
2245 1223 2643 1287 adhibentur:
2682 1234 2787 1283 ut:

895 1354 1013 1423 Qui
1043 1375 1201 1436 saepe
1226 1365 1464 1435 propter
1489 1351 1770 1414 invidiam
1798 1352 2071 1414 adimunt
2096 1352 2260 1413 diviti
2284 1373 2300 1413 ε

657 1484 874 1562 saepius
900 1492 1096 1542 autem
1127 1483 1188 1540 in
1217 1482 1405 1561 prima
1433 1481 1595 1551 sede,
1639 1492 1701 1541 et
1744 1482 1805 1540 in
1858 1481 1929 1541 iis
1978 1481 2337 1543 dictionibus
2366 1502 2502 1563 quae
2530 1482 2609 1545 ad
2636 1483 2851 1545 flexum

657 1580 818 1641 vocis
847 1579 1036 1657 magis
1065 1578 1589 1638 accommodantur
1613 1597 1631 1638 z
1676 1588 1780 1638 ut:

903 1708 994 1766 Ita
1019 1704 1276 1786 populus
1307 1705 1502 1766 studio
1531 1705 1807 1785 stupidus
1836 1706 1895 1765 in
1926 1705 2289 1767 funambulo.

903 1800 1147 1862 Minime
1173 1802 1448 1881 equidem
1476 1822 1570 1863 mc
1598 1803 1911 1875 oblectavi,
1940 1822 2076 1883 quae
2102 1822 2238 1863 cum
2266 1802 2470 1865 milite.

660 1914 882 1983 Quinta
906 1935 1044 1976 vero
1073 1915 1246 1975 sedes
1291 1914 1384 1975 vel
1433 1914 2020 1996 proceleusmaticum
2066 1915 2164 1975 vel
2207 1915 2543 1997 tribrachyn
2585 1935 2717 1978 raro
2744 1916 2851 1977 ad·

658 2012 868 2080 mittit:
898 2032 974 2071 ne
1002 2011 1229 2073 scilicet
1254 2013 1467 2072 nimius
1497 2014 1576 2073 sit
1600 2013 1865 2074 brevium
1898 2011 2257 2094 syllabarum
2284 2032 2631 2087 concursus,
2651 2032 2848 2094 quem,

659 2128 843 2190 prope
869 2110 1043 2170 finem
1071 2129 1298 2183 versus,
1327 2130 1497 2170 aures
1527 2129 1648 2170 non
1678 2110 1855 2170 facile
1882 2110 2207 2189 patiuntur.

1371 2274 1484 2331 DE
1538 2272 2141 2332 TETRAMETRIS.

738 2387 1082 2445 Tetrametri
1111 2405 1215 2445 seu
1240 2385 1525 2445 octonarii
1553 2394 1695 2444 sunt
1719 2384 1812 2445 vel
1840 2384 2095 2456 iambici,
2124 2386 2215 2448 vel
2245 2386 2547 2449 trochaici.
2620 2388 2848 2450 Rursus

653 2477 885 2539 iambici
913 2481 1230 2540 tetrametri
1259 2488 1398 2539 sunt
1423 2478 1515 2539 vel
1545 2480 1936 2552 acatalectici,
1986 2480 2079 2540 vel
2107 2481 2457 2544 catalectici.
2538 2486 2851 2549 Acatalec-

647 2576 755 2635 tici
781 2587 1088 2647 vocantur,
1129 2577 1227 2654 qui
1265 2576 1493 2655 justam
1541 2594 1877 2639 mensuram
1922 2587 2059 2639 octo
2102 2578 2319 2659 pedum
2348 2598 2579 2661 semper
2606 2581 2848 2656 habent,

656 2690 906 2749 quorum
931 2671 1172 2732 ultimus
1195 2681 1290 2731 est
1315 2673 1582 2732 iambus:

819 2784 918 2845 Nil
945 2794 1068 2844 tarn
1097 2784 1332 2844 difficile
1360 2795 1474 2857 est,
1502 2786 1645 2865 quin
1674 2788 1996 2867 quaerendo
2024 2790 2359 2869 investigari
2382 2793 2627 2869 possiet.

653 2913 898 2973 Iambici
938 2913 1214 2975 catalecti
1261 2914 1387 2993 (qui
1427 2926 1488 2975 et
1533 2927 1843 2977 scazontes
1890 2914 2187 2993 dicuntur)
2234 2927 2375 2977 sunt
2400 2917 2614 2995 quibus
2642 2918 2700 2975 in
2732 2917 2848 2979 fine

652 3028 774 3067 una
824 3006 993 3069 deest
1034 3006 1284 3088 syllaba,
1328 3008 1528 3071 sedem
1577 3013 1887 3092 septimam
1939 3012 2063 3073 sive
2106 3012 2490 3092 penultimam
2516 3026 2846 3093 occupante

651 3104 886 3164 iambo:
931 3116 1037 3163 ut:

721 3230 864 3289 Solu
898 3230 909 3307 Ι
945 3238 1082 3290 tant
1108 3230 1192 3291 ad
1221 3230 1232 3309 Ι
1266 3248 1482 3291 coenam
1517 3228 1528 3309 Ι
1563 3239 1771 3291 vocant
1806 3231 1817 3310 Ι
1852 3232 2037 3295 adven
2070 3233 2082 3313 Ι
2119 3241 2241 3295 tum
2262 3254 2385 3315 gra
2417 3233 2428 3314 Ι
2466 3234 2636 3295 tulan
2672 3236 2683 3313 Ι
2720 3244 2841 3294 tur.

653 3360 722 3415 ln
751 3358 1115 3418 catalecticis
1143 3348 1360 3429 tamen,
1410 3356 1570 3435 apud
1619 3358 1909 3417 comicum
1955 3372 2241 3430 nostrum,
2291 3378 2399 3438 pro
2438 3359 2633 3419 iambo
2681 3380 2842 3440 saepe

647 3454 885 3531 ponitur
903 3452 1224 3533 spondes-us
1245 3452 1338 3513 vel
1359 3450 1637 3531 dactylus
1664 3452 1723 3509 in
1748 3452 1891 3513 sede
1918 3454 2143 3533 penult.
2164 3453 2257 3513 vel
2280 3455 2459 3515 etiam
2479 3452 2839 3535 tribrachys:

653 3558 740 3619 ut,
772 3548 919 3609 Hec.
953 3569 1034 3610 11.
1063 3552 1120 3608 2.

731 3660 920 3721 Novi:
963 3672 1024 3719 et
1049 3681 1184 3739 quoe
1213 3660 1360 3720 dicis
1387 3660 1583 3719 omnia
1611 3676 1746 3719 esse
1776 3668 1838 3717 ut
1869 3660 2016 3723 dicis
2044 3660 2301 3721 animum
2324 3660 2565 3721 induco.

730 3758 808 3816 Et
833 3768 890 3817 te
919 3756 1032 3816 hoc
1061 3756 1200 3816 mihi
1227 3756 1404 3835 cupio
1431 3754 1691 3826 credere,
1720 3754 1880 3813 illam
1910 3756 1987 3815 ad
2010 3775 2114 3815 vos
2144 3756 2333 3817 redire
2362 3758 2613 3835 studeo„

727 3853 790 3909 Si
821 3852 1011 3913 facere
1031 3852 1253 3932 possim
1278 3851 1400 3912 ullo
1427 3850 1626 3910 modo.
1716 3850 1777 3910 1..
1826 3851 1977 3920 Quae
2006 3872 2097 3912 res
2127 3864 2188 3913 te
2209 3854 2403 3913 facere
2431 3853 2493 3913 id
2522 3852 2836 3933 prohibet?

631 3958 951 4039 ‘Trochaici
977 3980 1296 4040 tetrametri
1327 3978 1484 4059 apud
1529 3978 1691 4039 hunc
1718 3990 2017 4041 auctorem
2044 3990 2185 4041 sunt
2210 3982 2553 4061 plerumque
2580 3981 2837 4042 catalec-

645 4076 767 4145 tici,
808 4077 847 4134 i.
877 4095 932 4134 e.
980 4076 1190 4154 quibus
1219 4075 1278 4133 in
1307 4075 1424 4135 fine
1452 4094 1573 4135 una
1608 4075 1781 4136 deest
1810 4078 2043 4158 syllaba
2070 4078 2285 4150 brevis,
2326 4098 2445 4158 quo
2472 4080 2663 4137 minus
2690 4098 2835 4139 con—

645 4182 802 4229 stent
829 4183 965 4233 octo
993 4172 1182 4251 plenis
1211 4171 1483 4251 pedibus,
1523 4190 1771 4249 quorum
1802 4174 2086 4254 septimus
2114 4184 2207 4234 est
2238 4174 2565 4235 trochaeus:
2610 4188 2709 4233 ut:
