<?xml version="1.0" encoding="UTF-8"?>
<!DOCTYPE html PUBLIC "-//W3C//DTD XHTML 1.0 Transitional//EN"
    "http://www.w3.org/TR/xhtml1/DTD/xhtml1-transitional.dtd">
<html xmlns="http://www.w3.org/1999/xhtml" xml:lang="en" lang="en">
 <head>
  <title>
</title>
<meta http-equiv="Content-Type" content="text/html;charset=utf-8" />
  <meta name='ocr-system' content='tesseract 3.04.00' />
  <meta name='ocr-capabilities' content='ocr_page ocr_carea ocr_par ocr_line ocrx_word'/>
</head>
<body>
  <div class='ocr_page' id='page_1' title='image "./comoedisex10westgoog_0105.png"; bbox 0 0 3234 4934; ppageno 0'>
   <div class='ocr_carea' id='block_1_1' title="bbox 890 402 2622 469">
    <p class='ocr_par' dir='ltr' id='par_1_1' title="bbox 890 402 2622 469">
     <span class='ocr_line' id='line_1_1' title="bbox 890 402 2622 469; baseline 0.003 -6"><span class='ocrx_word' id='word_1_1' title='bbox 890 402 1251 466; x_wconf 65' lang='lat' dir='ltr'><strong>n&#39;uunms</strong></span> <span class='ocrx_word' id='word_1_2' title='bbox 1272 417 1593 469; x_wconf 49' lang='lat' dir='ltr'><strong>«nnn-mu</strong></span> <span class='ocrx_word' id='word_1_3' title='bbox 1645 416 2160 467; x_wconf 65' lang='lat' dir='ltr'><strong>nissum-rio.</strong></span> <span class='ocrx_word' id='word_1_4' title='bbox 2533 404 2622 469; x_wconf 72' lang='lat'><strong>95</strong></span> 
     </span>
    </p>
   </div>
   <div class='ocr_carea' id='block_1_2' title="bbox 389 556 2644 4281">
    <p class='ocr_par' dir='ltr' id='par_1_2' title="bbox 389 556 2644 3515">
     <span class='ocr_line' id='line_1_2' title="bbox 438 556 2624 641; baseline 0 -19"><span class='ocrx_word' id='word_1_5' title='bbox 438 560 656 622; x_wconf 78' lang='lat' dir='ltr'><strong>scholis</strong></span> <span class='ocrx_word' id='word_1_6' title='bbox 686 556 996 638; x_wconf 84' lang='lat' dir='ltr'><strong>loquimur,</strong></span> <span class='ocrx_word' id='word_1_7' title='bbox 1044 560 1319 623; x_wconf 74' lang='lat' dir='ltr'><strong>essentia.</strong></span> <span class='ocrx_word' id='word_1_8' title='bbox 1405 562 1557 621; x_wconf 88' lang='lat' dir='ltr'><strong>Cum</strong></span> <span class='ocrx_word' id='word_1_9' title='bbox 1587 559 1836 621; x_wconf 85' lang='lat' dir='ltr'><strong>Plautus</strong></span> <span class='ocrx_word' id='word_1_10' title='bbox 1867 580 2028 640; x_wconf 74' lang='lat' dir='ltr'><strong>saepe</strong></span> <span class='ocrx_word' id='word_1_11' title='bbox 2053 561 2324 641; x_wconf 73' lang='lat' dir='ltr'><strong>Tragico,</strong></span> <span class='ocrx_word' id='word_1_12' title='bbox 2353 580 2624 625; x_wconf 84' lang='lat' dir='ltr'><strong>nonnun-</strong></span> 
     </span>
     <span class='ocr_line' id='line_1_3' title="bbox 436 655 2622 738; baseline 0.002 -21"><span class='ocrx_word' id='word_1_13' title='bbox 436 676 613 737; x_wconf 79' lang='lat' dir='ltr'><strong>quam</strong></span> <span class='ocrx_word' id='word_1_14' title='bbox 642 674 877 735; x_wconf 87' lang='lat' dir='ltr'><strong>quoque</strong></span> <span class='ocrx_word' id='word_1_15' title='bbox 904 655 1075 727; x_wconf 85' lang='lat' dir='ltr'><strong>serio,</strong></span> <span class='ocrx_word' id='word_1_16' title='bbox 1124 665 1343 717; x_wconf 85' lang='lat' dir='ltr'><strong>utatur.</strong></span> <span class='ocrx_word' id='word_1_17' title='bbox 1413 657 1768 735; x_wconf 83' lang='lat' dir='ltr'><strong>Quanquam</strong></span> <span class='ocrx_word' id='word_1_18' title='bbox 1797 657 1878 717; x_wconf 89' lang='lat' dir='ltr'><strong>ibi</strong></span> <span class='ocrx_word' id='word_1_19' title='bbox 1915 676 2059 717; x_wconf 85' lang='lat' dir='ltr'><strong>sane</strong></span> <span class='ocrx_word' id='word_1_20' title='bbox 2089 677 2300 729; x_wconf 78' lang='lat' dir='ltr'><strong>senno,</strong></span> <span class='ocrx_word' id='word_1_21' title='bbox 2339 667 2406 718; x_wconf 91' lang='lat' dir='ltr'><strong>ut</strong></span> <span class='ocrx_word' id='word_1_22' title='bbox 2431 661 2622 738; x_wconf 89' lang='lat' dir='ltr'><strong>priore</strong></span> 
     </span>
     <span class='ocr_line' id='line_1_4' title="bbox 435 751 2628 832; baseline 0.001 -18"><span class='ocrx_word' id='word_1_23' title='bbox 435 753 571 814; x_wconf 89' lang='lat' dir='ltr'><strong>loco</strong></span> <span class='ocrx_word' id='word_1_24' title='bbox 619 771 656 811; x_wconf 79' lang='lat' dir='ltr'><strong>a</strong></span> <span class='ocrx_word' id='word_1_25' title='bbox 704 752 963 812; x_wconf 87' lang='lat' dir='ltr'><strong>Varrone</strong></span> <span class='ocrx_word' id='word_1_26' title='bbox 1008 751 1311 832; x_wconf 78' lang='lat' dir='ltr'>accipitur.</span> <span class='ocrx_word' id='word_1_27' title='bbox 1404 753 1607 813; x_wconf 89' lang='lat' dir='ltr'><strong>Sermo</strong></span> <span class='ocrx_word' id='word_1_28' title='bbox 1657 754 1812 813; x_wconf 87' lang='lat' dir='ltr'><strong>enim</strong></span> <span class='ocrx_word' id='word_1_29' title='bbox 1840 763 1902 814; x_wconf 90' lang='lat' dir='ltr'><strong>et</strong></span> <span class='ocrx_word' id='word_1_30' title='bbox 1945 754 2010 814; x_wconf 72' lang='lat' dir='ltr'><strong>rei</strong></span> <span class='ocrx_word' id='word_1_31' title='bbox 2035 752 2164 824; x_wconf 77' lang='grc' dir='ltr'><strong><em>ἦθοε</em></strong></span> <span class='ocrx_word' id='word_1_32' title='bbox 2209 752 2505 828; x_wconf 85' lang='lat' dir='ltr'><strong>differunt,</strong></span> <span class='ocrx_word' id='word_1_33' title='bbox 2559 768 2628 817; x_wconf 85' lang='lat' dir='ltr'><strong>ut</strong></span> 
     </span>
     <span class='ocr_line' id='line_1_5' title="bbox 436 846 2628 928; baseline 0.001 -18"><span class='ocrx_word' id='word_1_34' title='bbox 436 851 614 910; x_wconf 88' lang='lat' dir='ltr'><strong>homo</strong></span> <span class='ocrx_word' id='word_1_35' title='bbox 642 846 1152 927; x_wconf 86' lang='lat' dir='ltr'><strong>prudentissimus,</strong></span> <span class='ocrx_word' id='word_1_36' title='bbox 1182 858 1238 907; x_wconf 82' lang='lat' dir='ltr'><strong>et</strong></span> <span class='ocrx_word' id='word_1_37' title='bbox 1271 848 1509 907; x_wconf 72' lang='lat' dir='ltr'><strong>foemina</strong></span> <span class='ocrx_word' id='word_1_38' title='bbox 1527 868 1660 927; x_wconf 80' lang='lat' dir='ltr'><strong>quae</strong></span> <span class='ocrx_word' id='word_1_39' title='bbox 1679 868 1822 927; x_wconf 86' lang='lat' dir='ltr'><strong>pure</strong></span> <span class='ocrx_word' id='word_1_40' title='bbox 1849 848 2151 928; x_wconf 84' lang='lat' dir='ltr'><strong>loquitur;</strong></span> <span class='ocrx_word' id='word_1_41' title='bbox 2190 850 2384 927; x_wconf 84' lang='lat' dir='ltr'><strong>qualis</strong></span> <span class='ocrx_word' id='word_1_42' title='bbox 2413 852 2628 913; x_wconf 88' lang='lat' dir='ltr'><strong>dicitur</strong></span> 
     </span>
     <span class='ocr_line' id='line_1_6' title="bbox 442 943 2630 1028; baseline 0.003 -25"><span class='ocrx_word' id='word_1_43' title='bbox 442 943 841 1005; x_wconf 80' lang='lat' dir='ltr'><strong>Gracchorum</strong></span> <span class='ocrx_word' id='word_1_44' title='bbox 896 954 1103 1003; x_wconf 87' lang='lat' dir='ltr'><strong>mater.</strong></span> <span class='ocrx_word' id='word_1_45' title='bbox 1187 944 1680 1023; x_wconf 86' lang='lat' dir='ltr'><strong>Unumquemque</strong></span> <span class='ocrx_word' id='word_1_46' title='bbox 1736 946 1892 1005; x_wconf 88' lang='lat' dir='ltr'><strong>enim</strong></span> <span class='ocrx_word' id='word_1_47' title='bbox 1942 954 2104 1005; x_wconf 83' lang='lat' dir='ltr'><strong>recte</strong></span> <span class='ocrx_word' id='word_1_48' title='bbox 2168 948 2510 1028; x_wconf 81' lang='lat' dir='ltr'>exprimere,</span> <span class='ocrx_word' id='word_1_49' title='bbox 2566 960 2630 1010; x_wconf 86' lang='lat' dir='ltr'><strong>et</strong></span> 
     </span>
     <span class='ocr_line' id='line_1_7' title="bbox 440 1038 2630 1121; baseline 0.003 -22"><span class='ocrx_word' id='word_1_50' title='bbox 440 1041 752 1101; x_wconf 84' lang='lat' dir='ltr'><strong>humanam</strong></span> <span class='ocrx_word' id='word_1_51' title='bbox 799 1042 1017 1121; x_wconf 88' lang='lat' dir='ltr'><strong>optime</strong></span> <span class='ocrx_word' id='word_1_52' title='bbox 1065 1038 1364 1099; x_wconf 78' lang='lat' dir='ltr'><strong>delineare</strong></span> <span class='ocrx_word' id='word_1_53' title='bbox 1404 1040 1605 1113; x_wconf 85' lang='lat' dir='ltr'><strong>vitam,</strong></span> <span class='ocrx_word' id='word_1_54' title='bbox 1652 1060 1913 1100; x_wconf 85' lang='lat' dir='ltr'><strong>summus</strong></span> <span class='ocrx_word' id='word_1_55' title='bbox 1960 1050 2138 1121; x_wconf 87' lang='lat' dir='ltr'><strong>atque</strong></span> <span class='ocrx_word' id='word_1_56' title='bbox 2188 1052 2482 1104; x_wconf 86' lang='lat' dir='ltr'><strong>extremus</strong></span> <span class='ocrx_word' id='word_1_57' title='bbox 2523 1045 2630 1105; x_wconf 78' lang='lat' dir='ltr'><strong>viri</strong></span> 
     </span>
     <span class='ocr_line' id='line_1_8' title="bbox 440 1135 2630 1221; baseline 0.002 -25"><span class='ocrx_word' id='word_1_58' title='bbox 440 1148 615 1217; x_wconf 84' lang='lat' dir='ltr'><strong>atque</strong></span> <span class='ocrx_word' id='word_1_59' title='bbox 640 1137 901 1199; x_wconf 85' lang='lat' dir='ltr'><strong>auctoris</strong></span> <span class='ocrx_word' id='word_1_60' title='bbox 928 1136 1167 1197; x_wconf 86' lang='lat' dir='ltr'><strong>maximi</strong></span> <span class='ocrx_word' id='word_1_61' title='bbox 1197 1144 1447 1195; x_wconf 80' lang='lat' dir='ltr'><strong>conatus</strong></span> <span class='ocrx_word' id='word_1_62' title='bbox 1476 1145 1590 1196; x_wconf 87' lang='lat' dir='ltr'><strong>est.</strong></span> <span class='ocrx_word' id='word_1_63' title='bbox 1675 1136 1864 1196; x_wconf 87' lang='lat' dir='ltr'><strong>Recte</strong></span> <span class='ocrx_word' id='word_1_64' title='bbox 1884 1135 2264 1199; x_wconf 83' lang='lat' dir='ltr'><strong>Grammatici</strong></span> <span class='ocrx_word' id='word_1_65' title='bbox 2292 1140 2372 1199; x_wconf 86' lang='lat' dir='ltr'><strong>ad</strong></span> <span class='ocrx_word' id='word_1_66' title='bbox 2397 1140 2630 1221; x_wconf 88' lang='lat' dir='ltr'><strong>Sopho-</strong></span> 
     </span>
     <span class='ocr_line' id='line_1_9' title="bbox 438 1231 2630 1313; baseline 0.002 -18"><span class='ocrx_word' id='word_1_67' title='bbox 438 1234 589 1295; x_wconf 82' lang='lat' dir='ltr'><strong>clem</strong></span> <span class='ocrx_word' id='word_1_68' title='bbox 614 1253 631 1293; x_wconf 87' lang='lat'>:</span> <span class='ocrx_word' id='word_1_69' title='bbox 658 1236 829 1294; x_wconf 76' lang='lat' dir='ltr'><strong>&#39;&#39;Eo-n</strong></span> <span class='ocrx_word' id='word_1_70' title='bbox 856 1232 921 1293; x_wconf 76' lang='grc' dir='ltr'><strong>δὲ</strong></span> <span class='ocrx_word' id='word_1_71' title='bbox 946 1244 1111 1293; x_wconf 72' lang='grc' dir='ltr'>τοῦτο</span> <span class='ocrx_word' id='word_1_72' title='bbox 1134 1236 1410 1308; x_wconf 75' lang='grc' dir='ltr'><strong>μέγιστον</strong></span> <span class='ocrx_word' id='word_1_73' title='bbox 1436 1232 1501 1291; x_wconf 78' lang='grc' dir='ltr'><strong>ἐν</strong></span> <span class='ocrx_word' id='word_1_74' title='bbox 1529 1238 1804 1313; x_wconf 74' lang='grc' dir='ltr'><strong><em>ποιητικῇ,</em></strong></span> <span class='ocrx_word' id='word_1_75' title='bbox 1825 1231 2030 1305; x_wconf 77' lang='grc' dir='ltr'>δηλοῦν</span> <span class='ocrx_word' id='word_1_76' title='bbox 2055 1232 2222 1305; x_wconf 59' lang='grc' dir='ltr'><strong><em>ἦθος-τ</em></strong></span> <span class='ocrx_word' id='word_1_77' title='bbox 2255 1244 2270 1269; x_wconf 91' lang='lat'>‘</span> <span class='ocrx_word' id='word_1_78' title='bbox 2297 1235 2406 1295; x_wconf 71' lang='lat' dir='ltr'><strong>Est</strong></span> <span class='ocrx_word' id='word_1_79' title='bbox 2433 1240 2630 1299; x_wconf 66' lang='lat' dir='ltr'><strong>autem</strong></span> 
     </span>
     <span class='ocr_line' id='line_1_10' title="bbox 439 1326 2628 1406; baseline 0.002 -17"><span class='ocrx_word' id='word_1_80' title='bbox 439 1330 589 1389; x_wconf 90' lang='lat' dir='ltr'><strong>illud</strong></span> <span class='ocrx_word' id='word_1_81' title='bbox 616 1329 937 1389; x_wconf 80' lang='lat' dir='ltr'><strong>maximum</strong></span> <span class='ocrx_word' id='word_1_82' title='bbox 966 1329 1026 1388; x_wconf 87' lang='lat' dir='ltr'><strong>in</strong></span> <span class='ocrx_word' id='word_1_83' title='bbox 1070 1326 1333 1398; x_wconf 78' lang='lat' dir='ltr'><strong>Po&#39;etice‚</strong></span> <span class='ocrx_word' id='word_1_84' title='bbox 1372 1326 1696 1405; x_wconf 81' lang='lat' dir='ltr'><strong>exprimere</strong></span> <span class='ocrx_word' id='word_1_85' title='bbox 1721 1328 1935 1389; x_wconf 86' lang='lat' dir='ltr'><strong>ethos.&#39;</strong></span> <span class='ocrx_word' id='word_1_86' title='bbox 2003 1330 2274 1391; x_wconf 82' lang='lat' dir='ltr'><strong>Debebat</strong></span> <span class='ocrx_word' id='word_1_87' title='bbox 2307 1332 2628 1406; x_wconf 75' lang='lat' dir='ltr'><strong>addidisse,</strong></span> 
     </span>
     <span class='ocr_line' id='line_1_11' title="bbox 440 1424 2634 1509; baseline 0.003 -26"><span class='ocrx_word' id='word_1_88' title='bbox 440 1424 499 1483; x_wconf 90' lang='lat' dir='ltr'><strong>in</strong></span> <span class='ocrx_word' id='word_1_89' title='bbox 556 1425 899 1485; x_wconf 86' lang='lat' dir='ltr'><strong>Dramatica</strong></span> <span class='ocrx_word' id='word_1_90' title='bbox 940 1424 1287 1504; x_wconf 82' lang='lat' dir='ltr'><strong>praesertim.</strong></span> <span class='ocrx_word' id='word_1_91' title='bbox 1370 1424 1448 1483; x_wconf 81' lang='lat' dir='ltr'><strong>Et</strong></span> <span class='ocrx_word' id='word_1_92' title='bbox 1484 1424 1770 1484; x_wconf 82' lang='lat' dir='ltr'><strong>Horatius</strong></span> <span class='ocrx_word' id='word_1_93' title='bbox 1815 1434 1938 1485; x_wconf 85' lang='lat' dir='ltr'><strong>tam</strong></span> <span class='ocrx_word' id='word_1_94' title='bbox 1963 1427 2164 1487; x_wconf 86' lang='lat' dir='ltr'><strong>multis</strong></span> <span class='ocrx_word' id='word_1_95' title='bbox 2191 1428 2372 1487; x_wconf 81' lang='lat' dir='ltr'><strong>vitam</strong></span> <span class='ocrx_word' id='word_1_96' title='bbox 2398 1429 2634 1509; x_wconf 87' lang='lat' dir='ltr'><strong>Tragoe·</strong></span> 
     </span>
     <span class='ocr_line' id='line_1_12' title="bbox 441 1518 2634 1606; baseline 0.004 -29"><span class='ocrx_word' id='word_1_97' title='bbox 441 1518 559 1579; x_wconf 75' lang='lat' dir='ltr'><strong>diae</strong></span> <span class='ocrx_word' id='word_1_98' title='bbox 587 1520 651 1579; x_wconf 79' lang='grc' dir='ltr'><strong>τὸ</strong></span> <span class='ocrx_word' id='word_1_99' title='bbox 678 1519 807 1591; x_wconf 69' lang='grc' dir='ltr'><strong>ἦθος</strong></span> <span class='ocrx_word' id='word_1_100' title='bbox 831 1540 963 1581; x_wconf 83' lang='lat' dir='ltr'><strong>esse</strong></span> <span class='ocrx_word' id='word_1_101' title='bbox 994 1518 1217 1579; x_wconf 87' lang='lat' dir='ltr'><strong>docuit.</strong></span> <span class='ocrx_word' id='word_1_102' title='bbox 1300 1519 1652 1580; x_wconf 71' lang='lat' dir='ltr'><strong>Aristoteles</strong></span> <span class='ocrx_word' id='word_1_103' title='bbox 1675 1540 1833 1595; x_wconf 86' lang='lat' dir='ltr'><strong>vero,</strong></span> <span class='ocrx_word' id='word_1_104' title='bbox 1853 1521 2034 1583; x_wconf 83' lang='lat' dir='ltr'><strong>etiam</strong></span> <span class='ocrx_word' id='word_1_105' title='bbox 2053 1523 2112 1581; x_wconf 91' lang='lat' dir='ltr'><strong>in</strong></span> <span class='ocrx_word' id='word_1_106' title='bbox 2134 1523 2468 1603; x_wconf 69' lang='lat' dir='ltr'><strong>Tragoedia,</strong></span> <span class='ocrx_word' id='word_1_107' title='bbox 2495 1535 2634 1606; x_wconf 77' lang='lat' dir='ltr'><strong>post</strong></span> 
     </span>
     <span class='ocr_line' id='line_1_13' title="bbox 438 1614 2632 1701; baseline 0.003 -24"><span class='ocrx_word' id='word_1_108' title='bbox 438 1617 976 1695; x_wconf 79' lang='lat' dir='ltr'><strong>Actionem,(quam</strong></span> <span class='ocrx_word' id='word_1_109' title='bbox 1000 1614 1285 1676; x_wconf 76' lang='lat' dir='ltr'><strong>Fabulam</strong></span> <span class='ocrx_word' id='word_1_110' title='bbox 1305 1616 1653 1695; x_wconf 85' lang='lat' dir='ltr'><strong>plerumque</strong></span> <span class='ocrx_word' id='word_1_111' title='bbox 1669 1620 1890 1693; x_wconf 46' lang='lat' dir='ltr'><strong>vocam)</strong></span> <span class='ocrx_word' id='word_1_112' title='bbox 1912 1638 2048 1698; x_wconf 81' lang='lat' dir='ltr'><strong>quae</strong></span> <span class='ocrx_word' id='word_1_113' title='bbox 2065 1619 2340 1681; x_wconf 68' lang='lat' dir='ltr'><strong>essentiae</strong></span> <span class='ocrx_word' id='word_1_114' title='bbox 2357 1640 2494 1700; x_wconf 82' lang='lat' dir='ltr'><strong>pars</strong></span> <span class='ocrx_word' id='word_1_115' title='bbox 2515 1624 2632 1701; x_wconf 90' lang='lat' dir='ltr'><strong>pri-</strong></span> 
     </span>
     <span class='ocr_line' id='line_1_14' title="bbox 440 1711 2630 1793; baseline 0.003 -19"><span class='ocrx_word' id='word_1_116' title='bbox 440 1731 561 1785; x_wconf 78' lang='lat' dir='ltr'><strong>ms,</strong></span> <span class='ocrx_word' id='word_1_117' title='bbox 571 1723 800 1793; x_wconf 85' lang='lat' dir='ltr'><strong>partem</strong></span> <span class='ocrx_word' id='word_1_118' title='bbox 820 1712 1099 1774; x_wconf 73' lang='lat' dir='ltr'><strong>essentiae</strong></span> <span class='ocrx_word' id='word_1_119' title='bbox 1116 1711 1443 1773; x_wconf 83' lang='lat' dir='ltr'><strong>secundam</strong></span> <span class='ocrx_word' id='word_1_120' title='bbox 1460 1713 1774 1775; x_wconf 88' lang='lat' dir='ltr'><strong>constituit</strong></span> <span class='ocrx_word' id='word_1_121' title='bbox 1787 1716 1850 1776; x_wconf 78' lang='grc' dir='ltr'><strong>τὸ</strong></span> <span class='ocrx_word' id='word_1_122' title='bbox 1876 1713 2024 1787; x_wconf 67' lang='grc' dir='ltr'><strong><em>ἦθος.</em></strong></span> <span class='ocrx_word' id='word_1_123' title='bbox 2059 1714 2278 1777; x_wconf 82' lang='lat' dir='ltr'>Mirum</span> <span class='ocrx_word' id='word_1_124' title='bbox 2299 1726 2395 1778; x_wconf 85' lang='lat' dir='ltr'><strong>est</strong></span> <span class='ocrx_word' id='word_1_125' title='bbox 2412 1728 2630 1793; x_wconf 84' lang='lat' dir='ltr'><strong>autem,</strong></span> 
     </span>
     <span class='ocr_line' id='line_1_15' title="bbox 438 1808 2634 1893; baseline 0.003 -24"><span class='ocrx_word' id='word_1_126' title='bbox 438 1810 637 1871; x_wconf 87' lang='lat' dir='ltr'><strong>locum</strong></span> <span class='ocrx_word' id='word_1_127' title='bbox 650 1808 930 1871; x_wconf 75' lang='lat' dir='ltr'><strong>Varronis</strong></span> <span class='ocrx_word' id='word_1_128' title='bbox 950 1828 987 1869; x_wconf 81' lang='lat' dir='ltr'><strong>a</strong></span> <span class='ocrx_word' id='word_1_129' title='bbox 1002 1808 1238 1869; x_wconf 84' lang='lat' dir='ltr'><strong>nemine</strong></span> <span class='ocrx_word' id='word_1_130' title='bbox 1257 1808 1646 1871; x_wconf 85' lang='lat' dir='ltr'><strong>intellectum.</strong></span> <span class='ocrx_word' id='word_1_131' title='bbox 1680 1810 1948 1879; x_wconf 79' lang='lat' dir='ltr'><strong>Quicum</strong></span> <span class='ocrx_word' id='word_1_132' title='bbox 1964 1812 2220 1892; x_wconf 80' lang='lat' dir='ltr'><strong>palmam</strong></span> <span class='ocrx_word' id='word_1_133' title='bbox 2245 1812 2308 1873; x_wconf 86' lang='lat' dir='ltr'><strong>in</strong></span> <span class='ocrx_word' id='word_1_134' title='bbox 2327 1832 2634 1893; x_wconf 80' lang='lat' dir='ltr'><strong>argumen-</strong></span> 
     </span>
     <span class='ocr_line' id='line_1_16' title="bbox 441 1905 2636 1986; baseline 0.005 -21"><span class='ocrx_word' id='word_1_135' title='bbox 441 1905 517 1965; x_wconf 85' lang='lat' dir='ltr'><strong>tis</strong></span> <span class='ocrx_word' id='word_1_136' title='bbox 558 1906 803 1969; x_wconf 80' lang='lat' dir='ltr'><strong>Caecilio</strong></span> <span class='ocrx_word' id='word_1_137' title='bbox 846 1905 1145 1978; x_wconf 87' lang='lat' dir='ltr'><strong>concedit,</strong></span> <span class='ocrx_word' id='word_1_138' title='bbox 1185 1906 1509 1986; x_wconf 85' lang='lat' dir='ltr'><strong>principem</strong></span> <span class='ocrx_word' id='word_1_139' title='bbox 1549 1906 1873 1967; x_wconf 76' lang='lat' dir='ltr'><strong>Comoediae</strong></span> <span class='ocrx_word' id='word_1_140' title='bbox 1917 1909 2082 1969; x_wconf 82' lang='lat' dir='ltr'><strong>haud</strong></span> <span class='ocrx_word' id='word_1_141' title='bbox 2121 1911 2298 1971; x_wconf 89' lang='lat' dir='ltr'><strong>dubio</strong></span> <span class='ocrx_word' id='word_1_142' title='bbox 2329 1911 2636 1977; x_wconf 79' lang='lat' dir='ltr'><strong>Coecilium</strong></span> 
     </span>
     <span class='ocr_line' id='line_1_17' title="bbox 442 2001 2635 2083; baseline 0.004 -20"><span class='ocrx_word' id='word_1_143' title='bbox 442 2001 767 2063; x_wconf 85' lang='lat' dir='ltr'><strong>constituit.</strong></span> <span class='ocrx_word' id='word_1_144' title='bbox 838 2001 1080 2069; x_wconf 65' lang='lat' dir='ltr'><strong>Quare?</strong></span> <span class='ocrx_word' id='word_1_145' title='bbox 1129 2001 1276 2061; x_wconf 84' lang='lat' dir='ltr'><strong>Pars</strong></span> <span class='ocrx_word' id='word_1_146' title='bbox 1326 2002 1659 2081; x_wconf 78' lang='lat' dir='ltr'><strong>Tragoedioe</strong></span> <span class='ocrx_word' id='word_1_147' title='bbox 1705 2003 2004 2083; x_wconf 77' lang='lat' dir='ltr'><strong>praecipua</strong></span> <span class='ocrx_word' id='word_1_148' title='bbox 2053 2015 2148 2065; x_wconf 82' lang='lat' dir='ltr'><strong>est</strong></span> <span class='ocrx_word' id='word_1_149' title='bbox 2185 2007 2635 2083; x_wconf 77' lang='lat' dir='ltr'><strong>Argumentum·</strong></span> 
     </span>
     <span class='ocr_line' id='line_1_18' title="bbox 389 2093 2636 2178; baseline 0.003 -21"><span class='ocrx_word' id='word_1_150' title='bbox 389 2093 395 2101; x_wconf 70' lang='grc'>’</span> <span class='ocrx_word' id='word_1_151' title='bbox 440 2096 789 2157; x_wconf 80' lang='lat' dir='ltr'><strong>Aristoteles</strong></span> <span class='ocrx_word' id='word_1_152' title='bbox 836 2095 1017 2157; x_wconf 87' lang='lat' dir='ltr'><strong>modo</strong></span> <span class='ocrx_word' id='word_1_153' title='bbox 1068 2100 1269 2175; x_wconf 72' lang='grc' dir='ltr'><strong><em>μῦθον,</em></strong></span> <span class='ocrx_word' id='word_1_154' title='bbox 1318 2096 1498 2157; x_wconf 85' lang='lat' dir='ltr'><strong>modo</strong></span> <span class='ocrx_word' id='word_1_155' title='bbox 1546 2108 1658 2159; x_wconf 78' lang='grc' dir='ltr'><strong>τῶν</strong></span> <span class='ocrx_word' id='word_1_156' title='bbox 1702 2100 2054 2178; x_wconf 74' lang='grc' dir='ltr'><strong><em>πραγμάτων</em></strong></span> <span class='ocrx_word' id='word_1_157' title='bbox 2091 2099 2378 2171; x_wconf 68' lang='grc' dir='ltr'><strong><em>σύνθεσιν,</em></strong></span> <span class='ocrx_word' id='word_1_158' title='bbox 2423 2118 2636 2163; x_wconf 70' lang='lat' dir='ltr'><strong>vocate</strong></span> 
     </span>
     <span class='ocr_line' id='line_1_19' title="bbox 443 2192 2638 2272; baseline 0.001 -18"><span class='ocrx_word' id='word_1_159' title='bbox 443 2194 617 2254; x_wconf 84' lang='lat' dir='ltr'><strong>solet.</strong></span> <span class='ocrx_word' id='word_1_160' title='bbox 694 2193 811 2261; x_wconf 81' lang='lat' dir='ltr'><strong>Qui</strong></span> <span class='ocrx_word' id='word_1_161' title='bbox 838 2204 899 2253; x_wconf 90' lang='lat' dir='ltr'><strong>et</strong></span> <span class='ocrx_word' id='word_1_162' title='bbox 924 2192 1125 2251; x_wconf 85' lang='lat' dir='ltr'><strong>multis</strong></span> <span class='ocrx_word' id='word_1_163' title='bbox 1156 2192 1385 2271; x_wconf 82' lang='lat' dir='ltr'><strong>probat,</strong></span> <span class='ocrx_word' id='word_1_164' title='bbox 1432 2212 1591 2263; x_wconf 88' lang='lat' dir='ltr'><strong>eum,</strong></span> <span class='ocrx_word' id='word_1_165' title='bbox 1640 2192 1740 2272; x_wconf 89' lang='lat' dir='ltr'><strong>qui</strong></span> <span class='ocrx_word' id='word_1_166' title='bbox 1781 2192 1896 2253; x_wconf 79' lang='lat' dir='ltr'><strong>hac</strong></span> <span class='ocrx_word' id='word_1_167' title='bbox 1925 2203 2090 2272; x_wconf 81' lang='lat' dir='ltr'><strong>parte</strong></span> <span class='ocrx_word' id='word_1_168' title='bbox 2125 2192 2377 2268; x_wconf 80' lang='lat' dir='ltr'><strong>excellit,</strong></span> <span class='ocrx_word' id='word_1_169' title='bbox 2405 2194 2638 2257; x_wconf 81' lang='lat' dir='ltr'><strong>etiamsi</strong></span> 
     </span>
     <span class='ocr_line' id='line_1_20' title="bbox 442 2286 2640 2368; baseline 0.001 -19"><span class='ocrx_word' id='word_1_170' title='bbox 442 2287 651 2349; x_wconf 80' lang='lat' dir='ltr'><strong>ceteris</strong></span> <span class='ocrx_word' id='word_1_171' title='bbox 680 2286 1052 2360; x_wconf 81' lang='lat' dir='ltr'><strong>destituatur,</strong></span> <span class='ocrx_word' id='word_1_172' title='bbox 1079 2286 1481 2347; x_wconf 81' lang='lat' dir='ltr'><strong>Dramaticum</strong></span> <span class='ocrx_word' id='word_1_173' title='bbox 1509 2286 1758 2347; x_wconf 67' lang='lat' dir='ltr'><strong>Poetam</strong></span> <span class='ocrx_word' id='word_1_174' title='bbox 1785 2286 1904 2347; x_wconf 88' lang='lat' dir='ltr'><strong>dici</strong></span> <span class='ocrx_word' id='word_1_175' title='bbox 1927 2307 2125 2368; x_wconf 81' lang='lat' dir='ltr'><strong>posse.</strong></span> <span class='ocrx_word' id='word_1_176' title='bbox 2195 2288 2344 2351; x_wconf 84' lang='lat' dir='ltr'><strong>Pars</strong></span> <span class='ocrx_word' id='word_1_177' title='bbox 2373 2290 2640 2353; x_wconf 77' lang='lat' dir='ltr'><strong>secunda</strong></span> 
     </span>
     <span class='ocr_line' id='line_1_21' title="bbox 442 2382 2635 2465; baseline 0.002 -20"><span class='ocrx_word' id='word_1_178' title='bbox 442 2394 538 2445; x_wconf 83' lang='lat' dir='ltr'><strong>est</strong></span> <span class='ocrx_word' id='word_1_179' title='bbox 560 2384 625 2444; x_wconf 80' lang='grc' dir='ltr'><strong>τὸ</strong></span> <span class='ocrx_word' id='word_1_180' title='bbox 650 2382 803 2459; x_wconf 71' lang='grc' dir='ltr'><strong><em>ἦθος,</em></strong></span> <span class='ocrx_word' id='word_1_181' title='bbox 820 2382 987 2463; x_wconf 88' lang='lat' dir='ltr'><strong>quod</strong></span> <span class='ocrx_word' id='word_1_182' title='bbox 1008 2402 1145 2444; x_wconf 90' lang='lat' dir='ltr'><strong>cum</strong></span> <span class='ocrx_word' id='word_1_183' title='bbox 1170 2382 1447 2444; x_wconf 86' lang='lat' dir='ltr'><strong>Terentio</strong></span> <span class='ocrx_word' id='word_1_184' title='bbox 1468 2383 1738 2463; x_wconf 81' lang='lat' dir='ltr'><strong>assignat</strong></span> <span class='ocrx_word' id='word_1_185' title='bbox 1758 2384 1968 2459; x_wconf 84' lang='lat' dir='ltr'><strong>Varro,</strong></span> <span class='ocrx_word' id='word_1_186' title='bbox 1983 2385 2178 2445; x_wconf 89' lang='lat' dir='ltr'><strong>locum</strong></span> <span class='ocrx_word' id='word_1_187' title='bbox 2199 2385 2286 2445; x_wconf 89' lang='lat' dir='ltr'><strong>illi</strong></span> <span class='ocrx_word' id='word_1_188' title='bbox 2305 2385 2635 2465; x_wconf 77' lang='lat' dir='ltr'><strong>proximum</strong></span> 
     </span>
     <span class='ocr_line' id='line_1_22' title="bbox 442 2478 2639 2560; baseline 0.001 -19"><span class='ocrx_word' id='word_1_189' title='bbox 442 2480 736 2542; x_wconf 83' lang='lat' dir='ltr'><strong>concedit.</strong></span> <span class='ocrx_word' id='word_1_190' title='bbox 822 2478 1003 2549; x_wconf 85' lang='lat' dir='ltr'><strong>Quod</strong></span> <span class='ocrx_word' id='word_1_191' title='bbox 1028 2496 1149 2538; x_wconf 86' lang='lat' dir='ltr'><strong>nou</strong></span> <span class='ocrx_word' id='word_1_192' title='bbox 1190 2487 1391 2558; x_wconf 83' lang='lat' dir='ltr'><strong>potest</strong></span> <span class='ocrx_word' id='word_1_193' title='bbox 1436 2478 1729 2557; x_wconf 80' lang='lat' dir='ltr'><strong>ignorare,</strong></span> <span class='ocrx_word' id='word_1_194' title='bbox 1771 2478 1875 2559; x_wconf 88' lang='lat' dir='ltr'><strong>qui</strong></span> <span class='ocrx_word' id='word_1_195' title='bbox 1919 2481 2196 2560; x_wconf 84' lang='lat' dir='ltr'><strong>antiquos</strong></span> <span class='ocrx_word' id='word_1_196' title='bbox 2226 2481 2502 2555; x_wconf 83' lang='lat' dir='ltr'><strong>criticos,</strong></span> <span class='ocrx_word' id='word_1_197' title='bbox 2550 2483 2639 2543; x_wconf 84' lang='lat' dir='ltr'><strong>in·</strong></span> 
     </span>
     <span class='ocr_line' id='line_1_23' title="bbox 443 2574 2635 2655; baseline 0.002 -21"><span class='ocrx_word' id='word_1_198' title='bbox 443 2576 645 2655; x_wconf 86' lang='lat' dir='ltr'><strong>primis</strong></span> <span class='ocrx_word' id='word_1_199' title='bbox 672 2585 869 2636; x_wconf 87' lang='lat' dir='ltr'><strong>autem</strong></span> <span class='ocrx_word' id='word_1_200' title='bbox 896 2574 1295 2647; x_wconf 74' lang='lat' dir='ltr'><strong>Aristotelem,</strong></span> <span class='ocrx_word' id='word_1_201' title='bbox 1322 2593 1461 2633; x_wconf 82' lang='lat' dir='ltr'><strong>cum</strong></span> <span class='ocrx_word' id='word_1_202' title='bbox 1506 2594 1651 2635; x_wconf 86' lang='lat' dir='ltr'><strong>cura</strong></span> <span class='ocrx_word' id='word_1_203' title='bbox 1675 2574 1822 2655; x_wconf 85' lang='lat' dir='ltr'><strong>legit</strong></span> <span class='ocrx_word' id='word_1_204' title='bbox 1861 2594 1932 2635; x_wconf 77' lang='lat' dir='ltr'><strong>ac</strong></span> <span class='ocrx_word' id='word_1_205' title='bbox 1959 2575 2251 2655; x_wconf 82' lang='lat' dir='ltr'><strong>intelligit.</strong></span> <span class='ocrx_word' id='word_1_206' title='bbox 2336 2577 2635 2639; x_wconf 76' lang='lat' dir='ltr'><strong>Sermonis</strong></span> 
     </span>
     <span class='ocr_line' id='line_1_24' title="bbox 446 2665 2640 2749; baseline 0.001 -18"><span class='ocrx_word' id='word_1_207' title='bbox 446 2671 607 2731; x_wconf 86' lang='lat' dir='ltr'><strong>enim</strong></span> <span class='ocrx_word' id='word_1_208' title='bbox 645 2671 796 2743; x_wconf 81' lang='lat' dir='ltr'><strong>laus,</strong></span> <span class='ocrx_word' id='word_1_209' title='bbox 824 2690 1003 2749; x_wconf 85' lang='lat' dir='ltr'><strong>quam</strong></span> <span class='ocrx_word' id='word_1_210' title='bbox 1031 2670 1247 2731; x_wconf 83' lang='lat' dir='ltr'><strong>Plauto</strong></span> <span class='ocrx_word' id='word_1_211' title='bbox 1276 2671 1449 2733; x_wconf 80' lang='lat' dir='ltr'><strong>tribui</strong></span> <span class='ocrx_word' id='word_1_212' title='bbox 1494 2671 1569 2731; x_wconf 86' lang='lat' dir='ltr'><strong>ab</strong></span> <span class='ocrx_word' id='word_1_213' title='bbox 1598 2689 1672 2731; x_wconf 87' lang='lat' dir='ltr'><strong>eo</strong></span> <span class='ocrx_word' id='word_1_214' title='bbox 1698 2665 1928 2745; x_wconf 84' lang='lat' dir='ltr'><strong>volunt&#39;,</strong></span> <span class='ocrx_word' id='word_1_215' title='bbox 1953 2681 2186 2733; x_wconf 81' lang='lat' dir='ltr'><strong>tantum</strong></span> <span class='ocrx_word' id='word_1_216' title='bbox 2211 2674 2384 2733; x_wconf 85' lang='lat' dir='ltr'><strong>abest</strong></span> <span class='ocrx_word' id='word_1_217' title='bbox 2408 2684 2476 2733; x_wconf 90' lang='lat' dir='ltr'><strong>ut</strong></span> <span class='ocrx_word' id='word_1_218' title='bbox 2502 2692 2640 2735; x_wconf 89' lang='lat' dir='ltr'><strong>cum</strong></span> 
     </span>
     <span class='ocr_line' id='line_1_25' title="bbox 442 2765 2642 2847; baseline 0.001 -21"><span class='ocrx_word' id='word_1_219' title='bbox 442 2765 687 2846; x_wconf 83' lang='lat' dir='ltr'><strong>reliquis</strong></span> <span class='ocrx_word' id='word_1_220' title='bbox 712 2767 965 2826; x_wconf 86' lang='lat' dir='ltr'><strong>conferri</strong></span> <span class='ocrx_word' id='word_1_221' title='bbox 1007 2766 1219 2844; x_wconf 81' lang='lat' dir='ltr'><strong>possit,</strong></span> <span class='ocrx_word' id='word_1_222' title='bbox 1264 2777 1333 2825; x_wconf 86' lang='lat' dir='ltr'><strong>ut</strong></span> <span class='ocrx_word' id='word_1_223' title='bbox 1378 2776 1679 2843; x_wconf 87' lang='lat' dir='ltr'><strong>postremo</strong></span> <span class='ocrx_word' id='word_1_224' title='bbox 1725 2767 1882 2839; x_wconf 85' lang='lat' dir='ltr'><strong>loco,</strong></span> <span class='ocrx_word' id='word_1_225' title='bbox 1911 2775 1974 2828; x_wconf 89' lang='lat' dir='ltr'><strong>et</strong></span> <span class='ocrx_word' id='word_1_226' title='bbox 2019 2777 2160 2847; x_wconf 85' lang='lat' dir='ltr'><strong>post</strong></span> <span class='ocrx_word' id='word_1_227' title='bbox 2205 2770 2308 2839; x_wconf 68' lang='grc' dir='ltr'><strong>τὴν</strong></span> <span class='ocrx_word' id='word_1_228' title='bbox 2358 2768 2642 2844; x_wconf 76' lang='grc' dir='ltr'><strong><em>διάνοιαν,</em></strong></span> 
     </span>
     <span class='ocr_line' id='line_1_26' title="bbox 442 2859 2644 2943; baseline 0.001 -22"><span class='ocrx_word' id='word_1_229' title='bbox 442 2870 721 2943; x_wconf 82' lang='lat' dir='ltr'><strong>ponatur.</strong></span> <span class='ocrx_word' id='word_1_230' title='bbox 786 2863 985 2930; x_wconf 78' lang='lat' dir='ltr'><strong>Quare</strong></span> <span class='ocrx_word' id='word_1_231' title='bbox 1008 2880 1087 2919; x_wconf 83' lang='lat' dir='ltr'><strong>ex</strong></span> <span class='ocrx_word' id='word_1_232' title='bbox 1115 2859 1413 2920; x_wconf 79' lang='lat' dir='ltr'><strong>sententia</strong></span> <span class='ocrx_word' id='word_1_233' title='bbox 1429 2860 1854 2939; x_wconf 63' lang='lat' dir='ltr'><strong>Varronis,‚qui</strong></span> <span class='ocrx_word' id='word_1_234' title='bbox 1873 2862 1972 2921; x_wconf 89' lang='lat' dir='ltr'><strong>hic</strong></span> <span class='ocrx_word' id='word_1_235' title='bbox 2001 2863 2378 2925; x_wconf 80' lang='lat' dir='ltr'><strong>Aristotelem</strong></span> <span class='ocrx_word' id='word_1_236' title='bbox 2401 2882 2644 2942; x_wconf 64' lang='lat' dir='ltr'><strong>expres«</strong></span> 
     </span>
     <span class='ocr_line' id='line_1_27' title="bbox 444 2953 2639 3039; baseline 0.001 -23"><span class='ocrx_word' id='word_1_237' title='bbox 444 2958 547 3030; x_wconf 83' lang='lat' dir='ltr'><strong>sit,</strong></span> <span class='ocrx_word' id='word_1_238' title='bbox 594 2956 816 3035; x_wconf 86' lang='lat' dir='ltr'><strong>primus</strong></span> <span class='ocrx_word' id='word_1_239' title='bbox 872 2965 966 3017; x_wconf 83' lang='lat' dir='ltr'><strong>est</strong></span> <span class='ocrx_word' id='word_1_240' title='bbox 1018 2956 1319 3024; x_wconf 68' lang='lat' dir='ltr'><strong>Caecilius,</strong></span> <span class='ocrx_word' id='word_1_241' title='bbox 1368 2953 1669 3016; x_wconf 88' lang='lat' dir='ltr'><strong>secundus</strong></span> <span class='ocrx_word' id='word_1_242' title='bbox 1713 2965 1819 3039; x_wconf 73' lang='lat' dir='ltr'><strong>est·</strong></span> <span class='ocrx_word' id='word_1_243' title='bbox 1852 2957 2196 3017; x_wconf 78' lang='lat' dir='ltr'><strong>Terentius:</strong></span> <span class='ocrx_word' id='word_1_244' title='bbox 2241 2977 2391 3035; x_wconf 88' lang='lat' dir='ltr'><strong>quos</strong></span> <span class='ocrx_word' id='word_1_245' title='bbox 2422 2958 2639 3019; x_wconf 86' lang='lat' dir='ltr'><strong>deinde</strong></span> 
     </span>
     <span class='ocr_line' id='line_1_28' title="bbox 446 3048 2639 3130; baseline 0.001 -19"><span class='ocrx_word' id='word_1_246' title='bbox 446 3050 699 3111; x_wconf 84' lang='lat' dir='ltr'><strong>Plautus</strong></span> <span class='ocrx_word' id='word_1_247' title='bbox 728 3051 1009 3130; x_wconf 85' lang='lat' dir='ltr'><strong>sequitur.</strong></span> <span class='ocrx_word' id='word_1_248' title='bbox 1078 3049 1259 3117; x_wconf 87' lang='lat' dir='ltr'><strong>Quod</strong></span> <span class='ocrx_word' id='word_1_249' title='bbox 1280 3048 1537 3109; x_wconf 86' lang='lat' dir='ltr'><strong>debehat</strong></span> <span class='ocrx_word' id='word_1_250' title='bbox 1562 3048 1860 3127; x_wconf 80' lang='lat' dir='ltr'><strong>cogitasse</strong></span> <span class='ocrx_word' id='word_1_251' title='bbox 1883 3049 2052 3112; x_wconf 81' lang='lat' dir='ltr'><strong>Siren</strong></span> <span class='ocrx_word' id='word_1_252' title='bbox 2076 3050 2186 3107; x_wconf 79' lang='lat' dir='ltr'><strong>oe-vi</strong></span> <span class='ocrx_word' id='word_1_253' title='bbox 2217 3050 2401 3111; x_wconf 78' lang='lat' dir='ltr'><strong>nostri</strong></span> <span class='ocrx_word' id='word_1_254' title='bbox 2427 3051 2463 3112; x_wconf 89' lang='lat' dir='ltr'>J</span> <span class='ocrx_word' id='word_1_255' title='bbox 2471 3062 2639 3113; x_wconf 83' lang='lat' dir='ltr'><strong>ustus</strong></span> 
     </span>
     <span class='ocr_line' id='line_1_29' title="bbox 449 3142 2640 3227; baseline 0.001 -21"><span class='ocrx_word' id='word_1_256' title='bbox 449 3147 723 3227; x_wconf 80' lang='lat' dir='ltr'><strong>Lipsius:</strong></span> <span class='ocrx_word' id='word_1_257' title='bbox 768 3147 870 3225; x_wconf 89' lang='lat' dir='ltr'><strong>qui</strong></span> <span class='ocrx_word' id='word_1_258' title='bbox 896 3146 1163 3227; x_wconf 79' lang='lat' dir='ltr'><strong>profecto</strong></span> <span class='ocrx_word' id='word_1_259' title='bbox 1191 3144 1389 3203; x_wconf 88' lang='lat' dir='ltr'><strong>locum</strong></span> <span class='ocrx_word' id='word_1_260' title='bbox 1410 3142 1624 3203; x_wconf 83' lang='lat' dir='ltr'><strong>summi</strong></span> <span class='ocrx_word' id='word_1_261' title='bbox 1655 3143 2058 3204; x_wconf 84' lang='lat' dir='ltr'><strong>Romanorum</strong></span> <span class='ocrx_word' id='word_1_262' title='bbox 2081 3144 2286 3205; x_wconf 87' lang='lat' dir='ltr'><strong>Critici</strong></span> <span class='ocrx_word' id='word_1_263' title='bbox 2313 3165 2430 3205; x_wconf 85' lang='lat' dir='ltr'><strong>non</strong></span> <span class='ocrx_word' id='word_1_264' title='bbox 2459 3164 2640 3227; x_wconf 86' lang='lat' dir='ltr'><strong>pene-</strong></span> 
     </span>
     <span class='ocr_line' id='line_1_30' title="bbox 446 3238 2512 3321; baseline -0 -17"><span class='ocrx_word' id='word_1_265' title='bbox 446 3244 641 3305; x_wconf 83' lang='lat' dir='ltr'><strong>travit.</strong></span> <span class='ocrx_word' id='word_1_266' title='bbox 722 3244 815 3304; x_wconf 82' lang='grc' dir='ltr'><strong>Τὸ</strong></span> <span class='ocrx_word' id='word_1_267' title='bbox 840 3241 971 3315; x_wconf 71' lang='grc' dir='ltr'><strong>ἦθος</strong></span> <span class='ocrx_word' id='word_1_268' title='bbox 996 3253 1194 3303; x_wconf 78' lang='lat' dir='ltr'><strong>autem</strong></span> <span class='ocrx_word' id='word_1_269' title='bbox 1233 3240 1447 3301; x_wconf 77' lang='lat' dir='ltr'><strong>Plauto</strong></span> <span class='ocrx_word' id='word_1_270' title='bbox 1472 3238 1756 3301; x_wconf 80' lang='lat' dir='ltr'><strong>Horatius</strong></span> <span class='ocrx_word' id='word_1_271' title='bbox 1785 3238 2104 3319; x_wconf 81' lang='lat' dir='ltr'><strong>abjudicat,</strong></span> <span class='ocrx_word' id='word_1_272' title='bbox 2125 3260 2263 3301; x_wconf 87' lang='lat' dir='ltr'><strong>cum</strong></span> <span class='ocrx_word' id='word_1_273' title='bbox 2287 3241 2512 3321; x_wconf 88' lang='lat' dir='ltr'><strong>inquit:</strong></span> 
     </span>
     <span class='ocr_line' id='line_1_31' title="bbox 1398 3336 1891 3417; baseline 0.006 -22"><span class='ocrx_word' id='word_1_274' title='bbox 1398 3336 1618 3417; x_wconf 78' lang='lat' dir='ltr'><strong>Aspice</strong></span> <span class='ocrx_word' id='word_1_275' title='bbox 1642 3336 1891 3398; x_wconf 81' lang='lat' dir='ltr'><strong>Plautus</strong></span> 
     </span>
     <span class='ocr_line' id='line_1_32' title="bbox 770 3430 2120 3515; baseline -0.003 -19"><span class='ocrx_word' id='word_1_276' title='bbox 770 3436 907 3505; x_wconf 89' lang='lat' dir='ltr'><strong>Quo</strong></span> <span class='ocrx_word' id='word_1_277' title='bbox 932 3444 1109 3515; x_wconf 86' lang='lat' dir='ltr'><strong>pacto</strong></span> <span class='ocrx_word' id='word_1_278' title='bbox 1135 3444 1331 3514; x_wconf 84' lang='lat' dir='ltr'><strong>partes</strong></span> <span class='ocrx_word' id='word_1_279' title='bbox 1360 3441 1585 3493; x_wconf 87' lang='lat' dir='ltr'><strong>tutetur</strong></span> <span class='ocrx_word' id='word_1_280' title='bbox 1612 3434 1864 3495; x_wconf 80' lang='lat' dir='ltr'><strong>amantis</strong></span> <span class='ocrx_word' id='word_1_281' title='bbox 1889 3430 2120 3511; x_wconf 89' lang='lat' dir='ltr'><strong>ephebi.</strong></span> 
     </span>
    </p>

    <p class='ocr_par' dir='ltr' id='par_1_3' title="bbox 446 3522 2642 4281">
     <span class='ocr_line' id='line_1_33' title="bbox 450 3522 2642 3609; baseline 0 -20"><span class='ocrx_word' id='word_1_282' title='bbox 450 3531 530 3590; x_wconf 91' lang='lat' dir='ltr'><strong>Et</strong></span> <span class='ocrx_word' id='word_1_283' title='bbox 550 3522 781 3591; x_wconf 79' lang='lat' dir='ltr'><strong>videtur</strong></span> <span class='ocrx_word' id='word_1_284' title='bbox 808 3530 1132 3589; x_wconf 78' lang='lat' dir='ltr'><strong>Charinum</strong></span> <span class='ocrx_word' id='word_1_285' title='bbox 1158 3527 1438 3589; x_wconf 84' lang='lat' dir='ltr'><strong>habuisse</strong></span> <span class='ocrx_word' id='word_1_286' title='bbox 1466 3528 1527 3587; x_wconf 88' lang='lat' dir='ltr'><strong>in</strong></span> <span class='ocrx_word' id='word_1_287' title='bbox 1554 3528 1774 3601; x_wconf 88' lang='lat' dir='ltr'><strong>animo,</strong></span> <span class='ocrx_word' id='word_1_288' title='bbox 1800 3529 1904 3606; x_wconf 87' lang='lat' dir='ltr'><strong>qui</strong></span> <span class='ocrx_word' id='word_1_289' title='bbox 1934 3528 2260 3590; x_wconf 80' lang='lat' dir='ltr'><strong>Mercatore</strong></span> <span class='ocrx_word' id='word_1_290' title='bbox 2303 3528 2368 3591; x_wconf 71' lang='grc' dir='ltr'><strong>τὸ</strong></span> <span class='ocrx_word' id='word_1_291' title='bbox 2400 3534 2642 3609; x_wconf 79' lang='grc' dir='ltr'>μανικὸν</span> 
     </span>
     <span class='ocr_line' id='line_1_34' title="bbox 452 3622 2640 3704; baseline 0.002 -21"><span class='ocrx_word' id='word_1_292' title='bbox 452 3628 545 3684; x_wconf 72' lang='grc' dir='ltr'><strong>καὶ</strong></span> <span class='ocrx_word' id='word_1_293' title='bbox 571 3626 634 3685; x_wconf 77' lang='grc' dir='ltr'><strong>τὸ</strong></span> <span class='ocrx_word' id='word_1_294' title='bbox 662 3628 919 3704; x_wconf 74' lang='grc' dir='ltr'><strong>ἐρωτικὸν</strong></span> <span class='ocrx_word' id='word_1_295' title='bbox 945 3624 1255 3685; x_wconf 85' lang='lat' dir='ltr'><strong>confundit</strong></span> <span class='ocrx_word' id='word_1_296' title='bbox 1280 3622 1430 3696; x_wconf 68' lang='grc' dir='ltr'><strong><em>ἦθος,</em></strong></span> <span class='ocrx_word' id='word_1_297' title='bbox 1475 3624 1589 3685; x_wconf 87' lang='lat' dir='ltr'><strong>hoc</strong></span> <span class='ocrx_word' id='word_1_298' title='bbox 1637 3633 1752 3697; x_wconf 90' lang='lat' dir='ltr'><strong>est,</strong></span> <span class='ocrx_word' id='word_1_299' title='bbox 1797 3624 1884 3683; x_wconf 80' lang='lat' dir='ltr'><strong>ita</strong></span> <span class='ocrx_word' id='word_1_300' title='bbox 1919 3634 2099 3696; x_wconf 82' lang='lat' dir='ltr'><strong>amat,</strong></span> <span class='ocrx_word' id='word_1_301' title='bbox 2139 3634 2208 3685; x_wconf 86' lang='lat' dir='ltr'><strong>ut</strong></span> <span class='ocrx_word' id='word_1_302' title='bbox 2233 3624 2640 3689; x_wconf 74' lang='lat' dir='ltr'><strong>Menaechmus</strong></span> 
     </span>
     <span class='ocr_line' id='line_1_35' title="bbox 450 3718 2641 3800; baseline 0.001 -21"><span class='ocrx_word' id='word_1_303' title='bbox 450 3720 611 3779; x_wconf 80' lang='lat' dir='ltr'><strong>furit.</strong></span> <span class='ocrx_word' id='word_1_304' title='bbox 694 3720 905 3781; x_wconf 85' lang='lat' dir='ltr'><strong>Furere</strong></span> <span class='ocrx_word' id='word_1_305' title='bbox 930 3730 1129 3781; x_wconf 84' lang='lat' dir='ltr'><strong>autem</strong></span> <span class='ocrx_word' id='word_1_306' title='bbox 1154 3740 1279 3799; x_wconf 80' lang='lat' dir='ltr'><strong>proe</strong></span> <span class='ocrx_word' id='word_1_307' title='bbox 1306 3738 1527 3793; x_wconf 87' lang='lat' dir='ltr'><strong>amore,</strong></span> <span class='ocrx_word' id='word_1_308' title='bbox 1572 3719 1898 3782; x_wconf 76' lang='lat' dir='ltr'><strong>Comoedioe</strong></span> <span class='ocrx_word' id='word_1_309' title='bbox 1925 3739 2046 3781; x_wconf 87' lang='lat' dir='ltr'><strong>non</strong></span> <span class='ocrx_word' id='word_1_310' title='bbox 2073 3718 2222 3793; x_wconf 65' lang='grc' dir='ltr'><strong><em>ἦθος,</em></strong></span> <span class='ocrx_word' id='word_1_311' title='bbox 2262 3720 2370 3781; x_wconf 89' lang='lat' dir='ltr'><strong>sed</strong></span> <span class='ocrx_word' id='word_1_312' title='bbox 2398 3721 2641 3800; x_wconf 82' lang='lat' dir='ltr'><strong>Tragoe-</strong></span> 
     </span>
     <span class='ocr_line' id='line_1_36' title="bbox 452 3815 2642 3895; baseline 0 -20"><span class='ocrx_word' id='word_1_313' title='bbox 452 3815 567 3875; x_wconf 80' lang='lat' dir='ltr'><strong>dioe</strong></span> <span class='ocrx_word' id='word_1_314' title='bbox 594 3824 686 3875; x_wconf 87' lang='lat' dir='ltr'><strong>est</strong></span> <span class='ocrx_word' id='word_1_315' title='bbox 712 3818 921 3875; x_wconf 72' lang='grc' dir='ltr'><strong><em>πάθοεε</em></strong></span> <span class='ocrx_word' id='word_1_316' title='bbox 966 3824 1034 3875; x_wconf 87' lang='lat' dir='ltr'><strong>ut</strong></span> <span class='ocrx_word' id='word_1_317' title='bbox 1060 3834 1133 3874; x_wconf 81' lang='lat' dir='ltr'><strong>ex</strong></span> <span class='ocrx_word' id='word_1_318' title='bbox 1162 3816 1439 3875; x_wconf 69' lang='lat' dir='ltr'><strong>Phaedria</strong></span> <span class='ocrx_word' id='word_1_319' title='bbox 1465 3815 1714 3894; x_wconf 87' lang='lat' dir='ltr'><strong>aliisque</strong></span> <span class='ocrx_word' id='word_1_320' title='bbox 1753 3826 1938 3895; x_wconf 80' lang='lat' dir='ltr'><strong>patet.</strong></span> <span class='ocrx_word' id='word_1_321' title='bbox 2025 3816 2265 3886; x_wconf 69' lang='lat' dir='ltr'><strong>Quare?</strong></span> <span class='ocrx_word' id='word_1_322' title='bbox 2303 3816 2444 3895; x_wconf 83' lang='lat' dir='ltr'><strong>quia</strong></span> <span class='ocrx_word' id='word_1_323' title='bbox 2469 3821 2642 3881; x_wconf 67' lang='grc' dir='ltr'><strong><em>πάθος</em></strong></span> 
     </span>
     <span class='ocr_line' id='line_1_37' title="bbox 450 3910 2640 3992; baseline -0 -20"><span class='ocrx_word' id='word_1_324' title='bbox 450 3912 695 3992; x_wconf 81' lang='lat' dir='ltr'><strong>aliquod</strong></span> <span class='ocrx_word' id='word_1_325' title='bbox 722 3913 971 3971; x_wconf 85' lang='lat' dir='ltr'><strong>immane</strong></span> <span class='ocrx_word' id='word_1_326' title='bbox 1000 3922 1363 3991; x_wconf 76' lang='lat' dir='ltr'><strong>expectatur.</strong></span> <span class='ocrx_word' id='word_1_327' title='bbox 1417 3911 1599 3980; x_wconf 83' lang='lat' dir='ltr'><strong>Quod</strong></span> <span class='ocrx_word' id='word_1_328' title='bbox 1623 3910 1994 3991; x_wconf 68' lang='lat' dir='ltr'><strong>Tragoediam</strong></span> <span class='ocrx_word' id='word_1_329' title='bbox 2021 3912 2349 3985; x_wconf 79' lang='lat' dir='ltr'><strong>constituit,</strong></span> <span class='ocrx_word' id='word_1_330' title='bbox 2380 3922 2447 3971; x_wconf 85' lang='lat' dir='ltr'><strong>ut</strong></span> <span class='ocrx_word' id='word_1_331' title='bbox 2467 3917 2640 3987; x_wconf 75' lang='grc' dir='ltr'><strong><em>μετά·-</em></strong></span> 
     </span>
     <span class='ocr_line' id='line_1_38' title="bbox 452 4007 2641 4087; baseline -0.001 -18"><span class='ocrx_word' id='word_1_332' title='bbox 452 4008 623 4084; x_wconf 76' lang='grc' dir='ltr'><strong><em>βασιε</em></strong></span> <span class='ocrx_word' id='word_1_333' title='bbox 648 4007 964 4069; x_wconf 81' lang='lat' dir='ltr'><strong>conveniat</strong></span> <span class='ocrx_word' id='word_1_334' title='bbox 987 4008 1223 4068; x_wconf 80' lang='lat' dir='ltr'><strong>furenti.</strong></span> <span class='ocrx_word' id='word_1_335' title='bbox 1306 4007 1426 4068; x_wconf 90' lang='lat' dir='ltr'><strong>Sed</strong></span> <span class='ocrx_word' id='word_1_336' title='bbox 1473 4008 1607 4069; x_wconf 78' lang='lat' dir='ltr'><strong>hoec</strong></span> <span class='ocrx_word' id='word_1_337' title='bbox 1651 4008 1909 4071; x_wconf 81' lang='lat' dir='ltr'><strong>triviales</strong></span> <span class='ocrx_word' id='word_1_338' title='bbox 1955 4028 2078 4073; x_wconf 75' lang='lat' dir='ltr'><strong>non</strong></span> <span class='ocrx_word' id='word_1_339' title='bbox 2125 4008 2496 4087; x_wconf 82' lang='lat' dir='ltr'><strong>intelligunt:</strong></span> <span class='ocrx_word' id='word_1_340' title='bbox 2539 4007 2641 4085; x_wconf 86' lang='lat' dir='ltr'><strong>qui</strong></span> 
     </span>
     <span class='ocr_line' id='line_1_39' title="bbox 452 4103 2642 4181; baseline -0.001 -16"><span class='ocrx_word' id='word_1_341' title='bbox 452 4124 746 4165; x_wconf 86' lang='lat' dir='ltr'><strong>summum</strong></span> <span class='ocrx_word' id='word_1_342' title='bbox 771 4105 974 4165; x_wconf 86' lang='lat' dir='ltr'><strong>Virum</strong></span> <span class='ocrx_word' id='word_1_343' title='bbox 999 4103 1373 4165; x_wconf 81' lang='lat' dir='ltr'><strong>Aristotelem</strong></span> <span class='ocrx_word' id='word_1_344' title='bbox 1412 4114 1533 4163; x_wconf 85' lang='lat' dir='ltr'><strong>tam</strong></span> <span class='ocrx_word' id='word_1_345' title='bbox 1574 4103 1748 4165; x_wconf 79' lang='lat' dir='ltr'><strong>facile</strong></span> <span class='ocrx_word' id='word_1_346' title='bbox 1791 4113 2197 4177; x_wconf 72' lang='lat' dir='ltr'><strong>contemnunt,</strong></span> <span class='ocrx_word' id='word_1_347' title='bbox 2239 4120 2415 4181; x_wconf 83' lang='lat' dir='ltr'><strong>quam</strong></span> <span class='ocrx_word' id='word_1_348' title='bbox 2441 4121 2550 4165; x_wconf 86' lang='lat' dir='ltr'><strong>nos</strong></span> <span class='ocrx_word' id='word_1_349' title='bbox 2579 4113 2642 4163; x_wconf 85' lang='lat' dir='ltr'><strong>et</strong></span> 
     </span>
     <span class='ocr_line' id='line_1_40' title="bbox 446 4200 2636 4281; baseline -0 -21"><span class='ocrx_word' id='word_1_350' title='bbox 446 4200 673 4280; x_wconf 80' lang='lat' dir='ltr'><strong>judicia</strong></span> <span class='ocrx_word' id='word_1_351' title='bbox 698 4200 927 4263; x_wconf 85' lang='lat' dir='ltr'><strong>illorum</strong></span> <span class='ocrx_word' id='word_1_352' title='bbox 952 4210 1015 4263; x_wconf 86' lang='lat' dir='ltr'><strong>et</strong></span> <span class='ocrx_word' id='word_1_353' title='bbox 1038 4200 1353 4279; x_wconf 81' lang='lat' dir='ltr'><strong>mag-istros</strong></span> <span class='ocrx_word' id='word_1_354' title='bbox 1398 4200 1607 4260; x_wconf 87' lang='lat' dir='ltr'><strong>merito</strong></span> <span class='ocrx_word' id='word_1_355' title='bbox 1645 4200 2097 4275; x_wconf 83' lang='lat' dir='ltr'><strong>contemnimus,</strong></span> <span class='ocrx_word' id='word_1_356' title='bbox 2137 4200 2350 4279; x_wconf 88' lang='lat' dir='ltr'><strong>quibus</strong></span> <span class='ocrx_word' id='word_1_357' title='bbox 2395 4218 2636 4281; x_wconf 82' lang='lat' dir='ltr'><strong>persua-</strong></span> 
     </span>
    </p>
   </div>
  </div>
 </body>
</html>
