<?xml version="1.0" encoding="UTF-8"?>
<!DOCTYPE html PUBLIC "-//W3C//DTD XHTML 1.0 Transitional//EN"
    "http://www.w3.org/TR/xhtml1/DTD/xhtml1-transitional.dtd">
<html xmlns="http://www.w3.org/1999/xhtml" xml:lang="en" lang="en">
 <head>
  <title>
</title>
<meta http-equiv="Content-Type" content="text/html;charset=utf-8" />
  <meta name='ocr-system' content='tesseract 3.04.00' />
  <meta name='ocr-capabilities' content='ocr_page ocr_carea ocr_par ocr_line ocrx_word'/>
</head>
<body>
  <div class='ocr_page' id='page_1' title='image "./comoedisex10westgoog_0192.png"; bbox 0 0 3234 4934; ppageno 0'>
   <div class='ocr_carea' id='block_1_1' title="bbox 583 388 2172 459">
    <p class='ocr_par' dir='ltr' id='par_1_1' title="bbox 583 388 2172 459">
     <span class='ocr_line' id='line_1_1' title="bbox 583 388 2172 459; baseline -0.003 -4"><span class='ocrx_word' id='word_1_1' title='bbox 583 388 714 459; x_wconf 73' lang='lat'><strong>184</strong></span> <span class='ocrx_word' id='word_1_2' title='bbox 1196 400 1627 453; x_wconf 59' lang='lat' dir='ltr'><strong>inserimus</strong></span> <span class='ocrx_word' id='word_1_3' title='bbox 1673 401 2172 453; x_wconf 61' lang='lat' dir='ltr'><strong>cantitamus</strong></span> 
     </span>
    </p>
   </div>
   <div class='ocr_carea' id='block_1_2' title="bbox 587 540 2787 4256">
    <p class='ocr_par' dir='ltr' id='par_1_2' title="bbox 587 540 2777 809">
     <span class='ocr_line' id='line_1_2' title="bbox 830 540 2573 620; baseline -0.001 -16"><span class='ocrx_word' id='word_1_4' title='bbox 830 545 1082 604; x_wconf 78' lang='lat' dir='ltr'><strong>Fateor:</strong></span> <span class='ocrx_word' id='word_1_5' title='bbox 1125 543 1220 603; x_wconf 89' lang='lat' dir='ltr'><strong>abi</strong></span> <span class='ocrx_word' id='word_1_6' title='bbox 1243 540 1562 620; x_wconf 85' lang='lat' dir='ltr'><strong>deprome:</strong></span> <span class='ocrx_word' id='word_1_7' title='bbox 1605 559 1718 619; x_wconf 83' lang='lat' dir='ltr'><strong>age</strong></span> <span class='ocrx_word' id='word_1_8' title='bbox 1746 548 1811 600; x_wconf 85' lang='lat' dir='ltr'><strong>tu</strong></span> <span class='ocrx_word' id='word_1_9' title='bbox 1838 540 2063 601; x_wconf 88' lang='lat' dir='ltr'><strong>interea</strong></span> <span class='ocrx_word' id='word_1_10' title='bbox 2087 541 2227 601; x_wconf 87' lang='lat' dir='ltr'><strong>huic</strong></span> <span class='ocrx_word' id='word_1_11' title='bbox 2250 541 2573 607; x_wconf 81' lang='lat' dir='ltr'><strong>somnium:</strong></span> 
     </span>
     <span class='ocr_line' id='line_1_3' title="bbox 587 632 2777 718; baseline -0.004 -15"><span class='ocrx_word' id='word_1_12' title='bbox 587 642 683 707; x_wconf 84' lang='lat' dir='ltr'><strong>abi</strong></span> <span class='ocrx_word' id='word_1_13' title='bbox 732 639 828 710; x_wconf 90' lang='lat' dir='ltr'><strong>de,</strong></span> <span class='ocrx_word' id='word_1_14' title='bbox 879 637 1199 717; x_wconf 68' lang='lat' dir='ltr'><strong>spondaeus</strong></span> <span class='ocrx_word' id='word_1_15' title='bbox 1225 657 1241 698; x_wconf 72' lang='grc' dir='ltr'><strong><em>ε</em></strong></span> <span class='ocrx_word' id='word_1_16' title='bbox 1299 636 1438 697; x_wconf 87' lang='lat' dir='ltr'><strong>huic</strong></span> <span class='ocrx_word' id='word_1_17' title='bbox 1483 656 1636 710; x_wconf 87' lang='lat' dir='ltr'><strong>som,</strong></span> <span class='ocrx_word' id='word_1_18' title='bbox 1677 632 1998 714; x_wconf 80' lang='lat' dir='ltr'><strong>spondaeus</strong></span> <span class='ocrx_word' id='word_1_19' title='bbox 2022 656 2039 697; x_wconf 71' lang='grc' dir='ltr'>ε</span> <span class='ocrx_word' id='word_1_20' title='bbox 2088 642 2205 699; x_wconf 73' lang='grc' dir='ltr'><strong>κατ’</strong></span> <span class='ocrx_word' id='word_1_21' title='bbox 2244 641 2689 718; x_wconf 76' lang='grc' dir='ltr'>ἑπισυναλοιφὴν</span> <span class='ocrx_word' id='word_1_22' title='bbox 2714 644 2777 697; x_wconf 89' lang='lat' dir='ltr'><strong>et</strong></span> 
     </span>
     <span class='ocr_line' id='line_1_4' title="bbox 589 738 1464 809; baseline -0.007 -11"><span class='ocrx_word' id='word_1_23' title='bbox 589 738 907 808; x_wconf 71' lang='grc' dir='ltr'>σννῖἃησιν.</span> <span class='ocrx_word' id='word_1_24' title='bbox 1456 804 1464 809; x_wconf 43' lang='grc'><strong>-</strong></span> 
     </span>
    </p>

    <p class='ocr_par' dir='ltr' id='par_1_3' title="bbox 587 824 2777 1086">
     <span class='ocr_line' id='line_1_5' title="bbox 830 824 2334 909; baseline 0 -20"><span class='ocrx_word' id='word_1_25' title='bbox 830 827 1286 909; x_wconf 81' lang='lat' dir='ltr'><strong>Superstitiosus</strong></span> <span class='ocrx_word' id='word_1_26' title='bbox 1315 826 1412 886; x_wconf 89' lang='lat' dir='ltr'><strong>hic</strong></span> <span class='ocrx_word' id='word_1_27' title='bbox 1439 824 1678 905; x_wconf 88' lang='lat' dir='ltr'><strong>quidem</strong></span> <span class='ocrx_word' id='word_1_28' title='bbox 1707 833 1820 899; x_wconf 90' lang='lat' dir='ltr'><strong>est,</strong></span> <span class='ocrx_word' id='word_1_29' title='bbox 1846 843 1987 886; x_wconf 79' lang='lat' dir='ltr'><strong>vera</strong></span> <span class='ocrx_word' id='word_1_30' title='bbox 2011 826 2334 905; x_wconf 78' lang='lat' dir='ltr'><strong>proedicat:</strong></span> 
     </span>
     <span class='ocr_line' id='line_1_6' title="bbox 589 923 2777 1004; baseline -0.002 -15"><span class='ocrx_word' id='word_1_31' title='bbox 589 927 842 997; x_wconf 80' lang='lat' dir='ltr'><strong>Quidem</strong></span> <span class='ocrx_word' id='word_1_32' title='bbox 871 939 964 986; x_wconf 87' lang='lat' dir='ltr'><strong>est</strong></span> <span class='ocrx_word' id='word_1_33' title='bbox 991 946 1084 1000; x_wconf 86' lang='lat' dir='ltr'><strong>ve,</strong></span> <span class='ocrx_word' id='word_1_34' title='bbox 1113 924 1433 1004; x_wconf 78' lang='lat' dir='ltr'><strong>spondaeus</strong></span> <span class='ocrx_word' id='word_1_35' title='bbox 1465 926 1580 982; x_wconf 75' lang='grc' dir='ltr'>κατ’</span> <span class='ocrx_word' id='word_1_36' title='bbox 1607 924 2081 1003; x_wconf 70' lang='grc' dir='ltr'>ὲπισυναλοιφήνι</span> <span class='ocrx_word' id='word_1_37' title='bbox 2125 923 2256 984; x_wconf 83' lang='lat' dir='ltr'><strong>haec</strong></span> <span class='ocrx_word' id='word_1_38' title='bbox 2284 923 2516 984; x_wconf 72' lang='lat' dir='ltr'>collisio</span> <span class='ocrx_word' id='word_1_39' title='bbox 2544 924 2777 985; x_wconf 86' lang='lat' dir='ltr'><strong>creber-</strong></span> 
     </span>
     <span class='ocr_line' id='line_1_7' title="bbox 587 1018 1679 1086; baseline -0.005 -1"><span class='ocrx_word' id='word_1_40' title='bbox 587 1025 731 1085; x_wconf 86' lang='lat' dir='ltr'><strong>rime</strong></span> <span class='ocrx_word' id='word_1_41' title='bbox 759 1024 1010 1086; x_wconf 87' lang='lat' dir='ltr'><strong>occurrit</strong></span> <span class='ocrx_word' id='word_1_42' title='bbox 1036 1022 1095 1081; x_wconf 92' lang='lat' dir='ltr'><strong>in</strong></span> <span class='ocrx_word' id='word_1_43' title='bbox 1125 1020 1363 1081; x_wconf 86' lang='lat' dir='ltr'><strong>comicis</strong></span> <span class='ocrx_word' id='word_1_44' title='bbox 1392 1018 1679 1080; x_wconf 84' lang='lat' dir='ltr'><strong>versibus.</strong></span> 
     </span>
    </p>

    <p class='ocr_par' dir='ltr' id='par_1_4' title="bbox 749 1114 2672 1201">
     <span class='ocr_line' id='line_1_8' title="bbox 749 1114 2672 1201; baseline -0.002 -19"><span class='ocrx_word' id='word_1_45' title='bbox 749 1122 868 1191; x_wconf 82' lang='lat' dir='ltr'><strong>Qui</strong></span> <span class='ocrx_word' id='word_1_46' title='bbox 893 1119 1188 1201; x_wconf 67' lang='lat' dir='ltr'><strong>peiy&#39;urum</strong></span> <span class='ocrx_word' id='word_1_47' title='bbox 1217 1118 1526 1177; x_wconf 85' lang='lat' dir='ltr'><strong>convenire</strong></span> <span class='ocrx_word' id='word_1_48' title='bbox 1553 1115 1683 1176; x_wconf 89' lang='lat' dir='ltr'><strong>vult</strong></span> <span class='ocrx_word' id='word_1_49' title='bbox 1704 1114 2025 1186; x_wconf 86' lang='lat' dir='ltr'><strong>hominem,</strong></span> <span class='ocrx_word' id='word_1_50' title='bbox 2052 1115 2220 1176; x_wconf 87' lang='lat' dir='ltr'><strong>mitto</strong></span> <span class='ocrx_word' id='word_1_51' title='bbox 2247 1117 2309 1177; x_wconf 89' lang='lat' dir='ltr'><strong>in</strong></span> <span class='ocrx_word' id='word_1_52' title='bbox 2334 1116 2672 1179; x_wconf 84' lang='lat' dir='ltr'><strong>comitium:</strong></span> 
     </span>
    </p>

    <p class='ocr_par' dir='ltr' id='par_1_5' title="bbox 587 1212 2612 1487">
     <span class='ocr_line' id='line_1_9' title="bbox 588 1212 2114 1296; baseline -0.005 -20"><span class='ocrx_word' id='word_1_53' title='bbox 588 1217 667 1278; x_wconf 89' lang='lat' dir='ltr'><strong>Ni</strong></span> <span class='ocrx_word' id='word_1_54' title='bbox 697 1238 756 1279; x_wconf 86' lang='lat' dir='ltr'><strong>re</strong></span> <span class='ocrx_word' id='word_1_55' title='bbox 783 1218 930 1287; x_wconf 86' lang='lat' dir='ltr'><strong>vult,</strong></span> <span class='ocrx_word' id='word_1_56' title='bbox 959 1214 1301 1296; x_wconf 77' lang='lat' dir='ltr'><strong>spondaeus,</strong></span> <span class='ocrx_word' id='word_1_57' title='bbox 1331 1212 1478 1271; x_wconf 87' lang='lat' dir='ltr'><strong>elisa</strong></span> <span class='ocrx_word' id='word_1_58' title='bbox 1503 1232 1563 1281; x_wconf 90' lang='lat' dir='ltr'><strong>u,</strong></span> <span class='ocrx_word' id='word_1_59' title='bbox 1593 1230 1700 1289; x_wconf 89' lang='lat' dir='ltr'><strong>pro</strong></span> <span class='ocrx_word' id='word_1_60' title='bbox 1729 1221 2114 1270; x_wconf 80' lang='lat' dir='ltr'><strong>consonante.</strong></span> 
     </span>
     <span class='ocr_line' id='line_1_10' title="bbox 830 1304 2612 1389; baseline -0.002 -16"><span class='ocrx_word' id='word_1_61' title='bbox 830 1315 964 1381; x_wconf 87' lang='lat' dir='ltr'><strong>Quo</strong></span> <span class='ocrx_word' id='word_1_62' title='bbox 991 1313 1042 1372; x_wconf 90' lang='lat' dir='ltr'><strong>is</strong></span> <span class='ocrx_word' id='word_1_63' title='bbox 1070 1311 1247 1370; x_wconf 88' lang='lat' dir='ltr'><strong>homo</strong></span> <span class='ocrx_word' id='word_1_64' title='bbox 1274 1304 1591 1369; x_wconf 81' lang='lat' dir='ltr'><strong>insinuavit</strong></span> <span class='ocrx_word' id='word_1_65' title='bbox 1616 1309 1775 1368; x_wconf 87' lang='lat' dir='ltr'><strong>facto</strong></span> <span class='ocrx_word' id='word_1_66' title='bbox 1804 1327 1868 1367; x_wconf 87' lang='lat' dir='ltr'><strong>se</strong></span> <span class='ocrx_word' id='word_1_67' title='bbox 1898 1307 1976 1366; x_wconf 90' lang='lat' dir='ltr'><strong>ad</strong></span> <span class='ocrx_word' id='word_1_68' title='bbox 2002 1306 2106 1367; x_wconf 67' lang='lat' dir='ltr'><strong>te?</strong></span> <span class='ocrx_word' id='word_1_69' title='bbox 2147 1326 2253 1387; x_wconf 89' lang='lat' dir='ltr'><strong>per</strong></span> <span class='ocrx_word' id='word_1_70' title='bbox 2291 1307 2612 1389; x_wconf 85' lang='lat' dir='ltr'><strong>Dionysia:</strong></span> 
     </span>
     <span class='ocr_line' id='line_1_11' title="bbox 587 1403 2195 1487; baseline -0.002 -19"><span class='ocrx_word' id='word_1_71' title='bbox 587 1409 720 1477; x_wconf 87' lang='lat' dir='ltr'><strong>Quo</strong></span> <span class='ocrx_word' id='word_1_72' title='bbox 749 1409 800 1468; x_wconf 80' lang='lat' dir='ltr'><strong>is</strong></span> <span class='ocrx_word' id='word_1_73' title='bbox 828 1409 927 1480; x_wconf 86' lang='lat' dir='ltr'><strong>h0,</strong></span> <span class='ocrx_word' id='word_1_74' title='bbox 956 1406 1259 1487; x_wconf 69' lang='grc' dir='ltr'>τρίβραχυς</span> <span class='ocrx_word' id='word_1_75' title='bbox 1286 1409 1429 1465; x_wconf 77' lang='grc' dir='ltr'><strong>κατὰ</strong></span> <span class='ocrx_word' id='word_1_76' title='bbox 1453 1403 1729 1478; x_wconf 76' lang='grc' dir='ltr'>διαίρεσιν</span> <span class='ocrx_word' id='word_1_77' title='bbox 1758 1404 2007 1482; x_wconf 81' lang='lat' dir='ltr'><strong>syllaba,</strong></span> <span class='ocrx_word' id='word_1_78' title='bbox 2038 1404 2195 1471; x_wconf 78' lang='lat' dir='ltr'><strong>Qun.</strong></span> 
     </span>
    </p>

    <p class='ocr_par' dir='ltr' id='par_1_6' title="bbox 589 1500 2779 1774">
     <span class='ocr_line' id='line_1_12' title="bbox 749 1500 2774 1582; baseline 0.001 -21"><span class='ocrx_word' id='word_1_79' title='bbox 749 1504 904 1563; x_wconf 88' lang='lat' dir='ltr'><strong>Nam</strong></span> <span class='ocrx_word' id='word_1_80' title='bbox 935 1523 1069 1564; x_wconf 90' lang='lat' dir='ltr'><strong>eum</strong></span> <span class='ocrx_word' id='word_1_81' title='bbox 1095 1512 1261 1582; x_wconf 86' lang='lat' dir='ltr'><strong>pater</strong></span> <span class='ocrx_word' id='word_1_82' title='bbox 1277 1502 1403 1581; x_wconf 88' lang='lat' dir='ltr'><strong>ejus</strong></span> <span class='ocrx_word' id='word_1_83' title='bbox 1435 1500 1699 1578; x_wconf 81' lang='lat' dir='ltr'><strong>subegit:</strong></span> <span class='ocrx_word' id='word_1_84' title='bbox 1742 1518 1901 1559; x_wconf 89' lang='lat' dir='ltr'><strong>nunc</strong></span> <span class='ocrx_word' id='word_1_85' title='bbox 1926 1517 2061 1559; x_wconf 87' lang='lat' dir='ltr'><strong>mea</strong></span> <span class='ocrx_word' id='word_1_86' title='bbox 2088 1510 2274 1562; x_wconf 85' lang='lat' dir='ltr'><strong>mater</strong></span> <span class='ocrx_word' id='word_1_87' title='bbox 2300 1502 2453 1563; x_wconf 85' lang='lat' dir='ltr'><strong>irata</strong></span> <span class='ocrx_word' id='word_1_88' title='bbox 2480 1513 2574 1565; x_wconf 82' lang='lat' dir='ltr'><strong>est</strong></span> <span class='ocrx_word' id='word_1_89' title='bbox 2598 1502 2774 1563; x_wconf 85' lang='lat' dir='ltr'><strong>mihi:</strong></span> 
     </span>
     <span class='ocr_line' id='line_1_13' title="bbox 589 1595 2779 1678; baseline 0.002 -21"><span class='ocrx_word' id='word_1_90' title='bbox 589 1600 744 1663; x_wconf 82' lang='lat' dir='ltr'><strong>Nam</strong></span> <span class='ocrx_word' id='word_1_91' title='bbox 773 1620 906 1659; x_wconf 88' lang='lat' dir='ltr'><strong>eum</strong></span> <span class='ocrx_word' id='word_1_92' title='bbox 934 1610 1120 1677; x_wconf 88' lang='lat' dir='ltr'><strong>pater,</strong></span> <span class='ocrx_word' id='word_1_93' title='bbox 1151 1596 1424 1675; x_wconf 86' lang='lat' dir='ltr'><strong>dactylus</strong></span> <span class='ocrx_word' id='word_1_94' title='bbox 1453 1605 1584 1659; x_wconf 83' lang='lat' dir='ltr'><strong>est:</strong></span> <span class='ocrx_word' id='word_1_95' title='bbox 1628 1595 1757 1674; x_wconf 83' lang='lat' dir='ltr'><strong>ejus</strong></span> <span class='ocrx_word' id='word_1_96' title='bbox 1786 1597 1919 1667; x_wconf 84' lang='lat' dir='ltr'><strong>sub,</strong></span> <span class='ocrx_word' id='word_1_97' title='bbox 1968 1604 2075 1655; x_wconf 89' lang='lat' dir='ltr'><strong>aut</strong></span> <span class='ocrx_word' id='word_1_98' title='bbox 2100 1595 2377 1678; x_wconf 82' lang='lat' dir='ltr'><strong>dactylus</strong></span> <span class='ocrx_word' id='word_1_99' title='bbox 2405 1598 2779 1677; x_wconf 71' lang='lat' dir='ltr'><strong>liquescente</strong></span> 
     </span>
     <span class='ocr_line' id='line_1_14' title="bbox 589 1690 2612 1774; baseline 0 -20"><span class='ocrx_word' id='word_1_100' title='bbox 589 1716 616 1755; x_wconf 88' lang='lat' dir='ltr'><strong>s</strong></span> <span class='ocrx_word' id='word_1_101' title='bbox 645 1716 658 1754; x_wconf 75' lang='grc' dir='ltr'>ε</span> <span class='ocrx_word' id='word_1_102' title='bbox 703 1705 806 1753; x_wconf 86' lang='lat' dir='ltr'><strong>aut</strong></span> <span class='ocrx_word' id='word_1_103' title='bbox 833 1695 1146 1765; x_wconf 86' lang='lat' dir='ltr'><strong>trochaeus,</strong></span> <span class='ocrx_word' id='word_1_104' title='bbox 1177 1698 1291 1754; x_wconf 76' lang='grc' dir='ltr'><strong>κατ’</strong></span> <span class='ocrx_word' id='word_1_105' title='bbox 1320 1695 1780 1771; x_wconf 77' lang='grc' dir='ltr'>ἐπισυναλοιφὴν,</span> <span class='ocrx_word' id='word_1_106' title='bbox 1810 1702 1897 1765; x_wconf 88' lang='lat' dir='ltr'><strong>ut,</strong></span> <span class='ocrx_word' id='word_1_107' title='bbox 1925 1690 2075 1769; x_wconf 84' lang='lat' dir='ltr'><strong>ejus,</strong></span> <span class='ocrx_word' id='word_1_108' title='bbox 2110 1712 2233 1753; x_wconf 90' lang='lat' dir='ltr'><strong>una</strong></span> <span class='ocrx_word' id='word_1_109' title='bbox 2259 1694 2340 1753; x_wconf 87' lang='lat' dir='ltr'><strong>sit</strong></span> <span class='ocrx_word' id='word_1_110' title='bbox 2364 1693 2612 1774; x_wconf 77' lang='lat' dir='ltr'><strong>syllaba.</strong></span> 
     </span>
    </p>

    <p class='ocr_par' dir='ltr' id='par_1_7' title="bbox 589 1787 2540 1966">
     <span class='ocr_line' id='line_1_15' title="bbox 831 1787 2297 1869; baseline -0.002 -18"><span class='ocrx_word' id='word_1_111' title='bbox 831 1791 1025 1869; x_wconf 84' lang='lat' dir='ltr'><strong>Hujus</strong></span> <span class='ocrx_word' id='word_1_112' title='bbox 1053 1810 1189 1868; x_wconf 82' lang='lat' dir='ltr'><strong>quae</strong></span> <span class='ocrx_word' id='word_1_113' title='bbox 1215 1790 1418 1849; x_wconf 88' lang='lat' dir='ltr'><strong>locuta</strong></span> <span class='ocrx_word' id='word_1_114' title='bbox 1439 1799 1535 1847; x_wconf 88' lang='lat' dir='ltr'><strong>est</strong></span> <span class='ocrx_word' id='word_1_115' title='bbox 1561 1806 1823 1867; x_wconf 85' lang='lat' dir='ltr'><strong>quaerere</strong></span> <span class='ocrx_word' id='word_1_116' title='bbox 1853 1788 2051 1847; x_wconf 82' lang='lat' dir='ltr'><strong>aiebas</strong></span> <span class='ocrx_word' id='word_1_117' title='bbox 2079 1787 2297 1850; x_wconf 86' lang='lat' dir='ltr'><strong>filiam:</strong></span> 
     </span>
     <span class='ocr_line' id='line_1_16' title="bbox 589 1883 2540 1966; baseline 0 -20"><span class='ocrx_word' id='word_1_118' title='bbox 589 1886 804 1966; x_wconf 86' lang='lat' dir='ltr'><strong>Hujus,</strong></span> <span class='ocrx_word' id='word_1_119' title='bbox 835 1892 948 1947; x_wconf 78' lang='grc' dir='ltr'>κατ’</span> <span class='ocrx_word' id='word_1_120' title='bbox 977 1888 1436 1965; x_wconf 77' lang='grc' dir='ltr'>ἑπισυναλοιφὴν,</span> <span class='ocrx_word' id='word_1_121' title='bbox 1462 1904 1586 1944; x_wconf 85' lang='lat' dir='ltr'><strong>una</strong></span> <span class='ocrx_word' id='word_1_122' title='bbox 1611 1884 1879 1964; x_wconf 78' lang='lat' dir='ltr'><strong>syllaba:</strong></span> <span class='ocrx_word' id='word_1_123' title='bbox 1928 1885 2100 1959; x_wconf 86' lang='lat' dir='ltr'><strong>sicut,</strong></span> <span class='ocrx_word' id='word_1_124' title='bbox 2130 1886 2351 1958; x_wconf 80' lang='lat' dir='ltr'><strong>aiebas,</strong></span> <span class='ocrx_word' id='word_1_125' title='bbox 2380 1883 2540 1947; x_wconf 80' lang='lat' dir='ltr'><strong>duoe.</strong></span> 
     </span>
    </p>

    <p class='ocr_par' dir='ltr' id='par_1_8' title="bbox 587 1978 2782 2349">
     <span class='ocr_line' id='line_1_17' title="bbox 831 1978 2545 2061; baseline -0.001 -20"><span class='ocrx_word' id='word_1_126' title='bbox 831 1983 960 2061; x_wconf 84' lang='lat' dir='ltr'><strong>Ego</strong></span> <span class='ocrx_word' id='word_1_127' title='bbox 987 1982 1063 2043; x_wconf 90' lang='lat' dir='ltr'><strong>ad</strong></span> <span class='ocrx_word' id='word_1_128' title='bbox 1095 2000 1271 2043; x_wconf 85' lang='lat' dir='ltr'><strong>auum</strong></span> <span class='ocrx_word' id='word_1_129' title='bbox 1295 1998 1532 2040; x_wconf 86' lang='lat' dir='ltr'><strong>recurro</strong></span> <span class='ocrx_word' id='word_1_130' title='bbox 1558 1999 1809 2041; x_wconf 87' lang='lat' dir='ltr'><strong>rursum.</strong></span> <span class='ocrx_word' id='word_1_131' title='bbox 1895 1978 2237 2061; x_wconf 79' lang='lat' dir='ltr'><strong>Lampadio,</strong></span> <span class='ocrx_word' id='word_1_132' title='bbox 2264 1982 2545 2045; x_wconf 68' lang='lat' dir='ltr'><strong>obsecret</strong></span> 
     </span>
     <span class='ocr_line' id='line_1_18' title="bbox 591 2075 2782 2156; baseline 0.001 -21"><span class='ocrx_word' id='word_1_133' title='bbox 591 2079 713 2137; x_wconf 89' lang='lat' dir='ltr'><strong>Aut</strong></span> <span class='ocrx_word' id='word_1_134' title='bbox 750 2087 866 2151; x_wconf 85' lang='lat' dir='ltr'><strong>est,</strong></span> <span class='ocrx_word' id='word_1_135' title='bbox 915 2077 1046 2156; x_wconf 81' lang='lat' dir='ltr'><strong>Ego</strong></span> <span class='ocrx_word' id='word_1_136' title='bbox 1073 2075 1151 2135; x_wconf 92' lang='lat' dir='ltr'><strong>ad</strong></span> <span class='ocrx_word' id='word_1_137' title='bbox 1192 2094 1388 2145; x_wconf 89' lang='lat' dir='ltr'><strong>anum,</strong></span> <span class='ocrx_word' id='word_1_138' title='bbox 1435 2087 1798 2155; x_wconf 69' lang='lat' dir='ltr'><strong>anapaestus,</strong></span> <span class='ocrx_word' id='word_1_139' title='bbox 1827 2075 2305 2152; x_wconf 85' lang='lat' dir='ltr'><strong>pronuntiatione</strong></span> <span class='ocrx_word' id='word_1_140' title='bbox 2331 2096 2367 2135; x_wconf 89' lang='lat' dir='ltr'><strong>e</strong></span> <span class='ocrx_word' id='word_1_141' title='bbox 2410 2075 2631 2137; x_wconf 86' lang='lat' dir='ltr'><strong>initiale</strong></span> <span class='ocrx_word' id='word_1_142' title='bbox 2656 2076 2782 2140; x_wconf 83' lang='lat' dir='ltr'><strong>col·</strong></span> 
     </span>
     <span class='ocr_line' id='line_1_19' title="bbox 587 2170 2782 2251; baseline 0.001 -20"><span class='ocrx_word' id='word_1_143' title='bbox 587 2173 886 2251; x_wconf 81' lang='lat' dir='ltr'><strong>liqu&#39;ante:</strong></span> <span class='ocrx_word' id='word_1_144' title='bbox 933 2184 1036 2231; x_wconf 85' lang='lat' dir='ltr'><strong>aut.</strong></span> <span class='ocrx_word' id='word_1_145' title='bbox 1065 2172 1237 2231; x_wconf 88' lang='lat' dir='ltr'><strong>etiam</strong></span> <span class='ocrx_word' id='word_1_146' title='bbox 1293 2171 1496 2250; x_wconf 86' lang='lat' dir='ltr'><strong>prioris</strong></span> <span class='ocrx_word' id='word_1_147' title='bbox 1523 2171 1639 2229; x_wconf 88' lang='lat' dir='ltr'><strong>hoc</strong></span> <span class='ocrx_word' id='word_1_148' title='bbox 1676 2189 1811 2231; x_wconf 88' lang='lat' dir='ltr'><strong>cum</strong></span> <span class='ocrx_word' id='word_1_149' title='bbox 1836 2190 2040 2231; x_wconf 76' lang='lat' dir='ltr'><strong>versus</strong></span> <span class='ocrx_word' id='word_1_150' title='bbox 2067 2170 2290 2232; x_wconf 78' lang='lat' dir='ltr'><strong>ultimae</strong></span> <span class='ocrx_word' id='word_1_151' title='bbox 2318 2171 2595 2233; x_wconf 84' lang='lat' dir='ltr'><strong>dictionis</strong></span> <span class='ocrx_word' id='word_1_152' title='bbox 2620 2172 2782 2233; x_wconf 81' lang='lat' dir='ltr'><strong>finali</strong></span> 
     </span>
     <span class='ocr_line' id='line_1_20' title="bbox 589 2266 1887 2349; baseline -0.002 -21"><span class='ocrx_word' id='word_1_153' title='bbox 589 2267 838 2349; x_wconf 76' lang='lat' dir='ltr'><strong>syllaba,</strong></span> <span class='ocrx_word' id='word_1_154' title='bbox 866 2278 934 2327; x_wconf 91' lang='lat' dir='ltr'><strong>ut</strong></span> <span class='ocrx_word' id='word_1_155' title='bbox 955 2287 1115 2347; x_wconf 78' lang='lat' dir='ltr'><strong>saepe</strong></span> <span class='ocrx_word' id='word_1_156' title='bbox 1147 2268 1232 2340; x_wconf 85' lang='lat' dir='ltr'><strong>fit,</strong></span> <span class='ocrx_word' id='word_1_157' title='bbox 1262 2266 1601 2327; x_wconf 87' lang='lat' dir='ltr'><strong>collidente.</strong></span> <span class='ocrx_word' id='word_1_158' title='bbox 1864 2266 1887 2277; x_wconf 83' lang='grc'><strong>“</strong></span> 
     </span>
    </p>

    <p class='ocr_par' dir='ltr' id='par_1_9' title="bbox 587 2358 2787 3682">
     <span class='ocr_line' id='line_1_21' title="bbox 669 2358 2785 2433; baseline 0.001 -11"><span class='ocrx_word' id='word_1_159' title='bbox 669 2364 890 2425; x_wconf 77' lang='lat' dir='ltr'><strong>Videat</strong></span> <span class='ocrx_word' id='word_1_160' title='bbox 915 2364 1166 2425; x_wconf 79' lang='lat' dir='ltr'><strong>sortasse</strong></span> <span class='ocrx_word' id='word_1_161' title='bbox 1195 2362 1255 2419; x_wconf 90' lang='lat' dir='ltr'><strong>iu</strong></span> <span class='ocrx_word' id='word_1_162' title='bbox 1293 2360 1386 2421; x_wconf 85' lang='lat' dir='ltr'><strong>his</strong></span> <span class='ocrx_word' id='word_1_163' title='bbox 1415 2360 1592 2420; x_wconf 87' lang='lat' dir='ltr'><strong>alicui</strong></span> <span class='ocrx_word' id='word_1_164' title='bbox 1634 2358 1805 2419; x_wconf 75' lang='lat' dir='ltr'><strong>nimis</strong></span> <span class='ocrx_word' id='word_1_165' title='bbox 1848 2358 1946 2420; x_wconf 89' lang='lat' dir='ltr'><strong>diu</strong></span> <span class='ocrx_word' id='word_1_166' title='bbox 1995 2362 2229 2433; x_wconf 89' lang='lat' dir='ltr'><strong>morari,</strong></span> <span class='ocrx_word' id='word_1_167' title='bbox 2268 2372 2329 2423; x_wconf 87' lang='lat' dir='ltr'><strong>et</strong></span> <span class='ocrx_word' id='word_1_168' title='bbox 2356 2381 2474 2423; x_wconf 88' lang='lat' dir='ltr'><strong>uon</strong></span> <span class='ocrx_word' id='word_1_169' title='bbox 2503 2382 2785 2425; x_wconf 83' lang='lat' dir='ltr'><strong>necessa-</strong></span> 
     </span>
     <span class='ocr_line' id='line_1_22' title="bbox 587 2454 2783 2539; baseline 0.001 -20"><span class='ocrx_word' id='word_1_170' title='bbox 587 2459 754 2530; x_wconf 88' lang='lat' dir='ltr'><strong>riam,</strong></span> <span class='ocrx_word' id='word_1_171' title='bbox 778 2458 874 2517; x_wconf 83' lang='lat' dir='ltr'><strong>vel</strong></span> <span class='ocrx_word' id='word_1_172' title='bbox 897 2456 1071 2515; x_wconf 89' lang='lat' dir='ltr'><strong>etiam</strong></span> <span class='ocrx_word' id='word_1_173' title='bbox 1101 2454 1368 2515; x_wconf 87' lang='lat' dir='ltr'><strong>inutilem</strong></span> <span class='ocrx_word' id='word_1_174' title='bbox 1397 2475 1635 2533; x_wconf 87' lang='lat' dir='ltr'><strong>operam</strong></span> <span class='ocrx_word' id='word_1_175' title='bbox 1664 2474 2035 2516; x_wconf 86' lang='lat' dir='ltr'><strong>consumere.</strong></span> <span class='ocrx_word' id='word_1_176' title='bbox 2120 2457 2535 2519; x_wconf 79' lang='lat' dir='ltr'><strong>Verumtamen</strong></span> <span class='ocrx_word' id='word_1_177' title='bbox 2562 2479 2678 2539; x_wconf 81' lang='lat' dir='ltr'><strong>ego</strong></span> <span class='ocrx_word' id='word_1_178' title='bbox 2706 2460 2783 2521; x_wconf 84' lang='lat' dir='ltr'><strong>de</strong></span> 
     </span>
     <span class='ocr_line' id='line_1_23' title="bbox 588 2550 2783 2635; baseline 0.001 -21"><span class='ocrx_word' id='word_1_179' title='bbox 588 2575 651 2614; x_wconf 88' lang='lat' dir='ltr'><strong>re</strong></span> <span class='ocrx_word' id='word_1_180' title='bbox 680 2572 872 2632; x_wconf 85' lang='lat' dir='ltr'><strong>neque</strong></span> <span class='ocrx_word' id='word_1_181' title='bbox 901 2572 1142 2630; x_wconf 83' lang='lat' dir='ltr'><strong>prorsus</strong></span> <span class='ocrx_word' id='word_1_182' title='bbox 1171 2550 1532 2630; x_wconf 85' lang='lat' dir='ltr'><strong>negligenda</strong></span> <span class='ocrx_word' id='word_1_183' title='bbox 1555 2562 1614 2611; x_wconf 90' lang='lat' dir='ltr'><strong>et</strong></span> <span class='ocrx_word' id='word_1_184' title='bbox 1642 2550 1827 2629; x_wconf 86' lang='lat' dir='ltr'><strong>digna</strong></span> <span class='ocrx_word' id='word_1_185' title='bbox 1854 2550 2195 2613; x_wconf 86' lang='lat' dir='ltr'><strong>liberalibus</strong></span> <span class='ocrx_word' id='word_1_186' title='bbox 2225 2553 2459 2627; x_wconf 75' lang='lat' dir='ltr'><strong>studiiS,</strong></span> <span class='ocrx_word' id='word_1_187' title='bbox 2487 2566 2548 2617; x_wconf 86' lang='lat' dir='ltr'><strong>et</strong></span> <span class='ocrx_word' id='word_1_188' title='bbox 2577 2576 2614 2615; x_wconf 90' lang='lat' dir='ltr'><strong>a</strong></span> <span class='ocrx_word' id='word_1_189' title='bbox 2657 2556 2783 2635; x_wconf 85' lang='lat' dir='ltr'><strong>ple-</strong></span> 
     </span>
     <span class='ocr_line' id='line_1_24' title="bbox 587 2646 2782 2730; baseline 0.001 -20"><span class='ocrx_word' id='word_1_190' title='bbox 587 2650 784 2727; x_wconf 85' lang='lat' dir='ltr'><strong>risque</strong></span> <span class='ocrx_word' id='word_1_191' title='bbox 813 2657 1066 2708; x_wconf 85' lang='lat' dir='ltr'><strong>tractata</strong></span> <span class='ocrx_word' id='word_1_192' title='bbox 1115 2646 1534 2726; x_wconf 85' lang='lat' dir='ltr'><strong>negligentius,</strong></span> <span class='ocrx_word' id='word_1_193' title='bbox 1581 2647 1901 2709; x_wconf 87' lang='lat' dir='ltr'><strong>dicendum</strong></span> <span class='ocrx_word' id='word_1_194' title='bbox 1948 2648 2063 2710; x_wconf 89' lang='lat' dir='ltr'><strong>hoc</strong></span> <span class='ocrx_word' id='word_1_195' title='bbox 2107 2650 2239 2711; x_wconf 91' lang='lat' dir='ltr'><strong>loco</strong></span> <span class='ocrx_word' id='word_1_196' title='bbox 2290 2651 2513 2729; x_wconf 84' lang='lat' dir='ltr'><strong>aliquid</strong></span> <span class='ocrx_word' id='word_1_197' title='bbox 2543 2652 2751 2730; x_wconf 76' lang='lat' dir='ltr'><strong>putavi</strong></span> <span class='ocrx_word' id='word_1_198' title='bbox 2764 2672 2782 2712; x_wconf 69' lang='grc' dir='ltr'>ι</span> 
     </span>
     <span class='ocr_line' id='line_1_25' title="bbox 590 2742 2782 2827; baseline 0 -21"><span class='ocrx_word' id='word_1_199' title='bbox 590 2745 749 2827; x_wconf 90' lang='lat' dir='ltr'><strong>quod</strong></span> <span class='ocrx_word' id='word_1_200' title='bbox 777 2743 1013 2823; x_wconf 89' lang='lat' dir='ltr'><strong>quidem</strong></span> <span class='ocrx_word' id='word_1_201' title='bbox 1043 2743 1328 2824; x_wconf 86' lang='lat' dir='ltr'><strong>ejusmodi</strong></span> <span class='ocrx_word' id='word_1_202' title='bbox 1355 2762 1488 2804; x_wconf 86' lang='lat' dir='ltr'><strong>esse</strong></span> <span class='ocrx_word' id='word_1_203' title='bbox 1515 2742 1772 2816; x_wconf 87' lang='lat' dir='ltr'><strong>confido,</strong></span> <span class='ocrx_word' id='word_1_204' title='bbox 1816 2754 1907 2815; x_wconf 87' lang='lat' dir='ltr'><strong>ut,</strong></span> <span class='ocrx_word' id='word_1_205' title='bbox 1946 2747 2048 2824; x_wconf 87' lang='lat' dir='ltr'><strong>qui</strong></span> <span class='ocrx_word' id='word_1_206' title='bbox 2088 2746 2237 2806; x_wconf 81' lang='lat' dir='ltr'><strong>sorte</strong></span> <span class='ocrx_word' id='word_1_207' title='bbox 2266 2746 2559 2807; x_wconf 83' lang='lat' dir='ltr'><strong>voluerint</strong></span> <span class='ocrx_word' id='word_1_208' title='bbox 2584 2748 2643 2805; x_wconf 89' lang='lat' dir='ltr'><strong>in</strong></span> <span class='ocrx_word' id='word_1_209' title='bbox 2689 2747 2782 2807; x_wconf 82' lang='lat' dir='ltr'><strong>his</strong></span> 
     </span>
     <span class='ocr_line' id='line_1_26' title="bbox 588 2839 2783 2914; baseline 0.001 -12"><span class='ocrx_word' id='word_1_210' title='bbox 588 2842 808 2903; x_wconf 79' lang='lat' dir='ltr'><strong>versari</strong></span> <span class='ocrx_word' id='word_1_211' title='bbox 831 2839 1189 2914; x_wconf 77' lang='lat' dir='ltr'><strong>accuratius,</strong></span> <span class='ocrx_word' id='word_1_212' title='bbox 1208 2840 1560 2902; x_wconf 86' lang='lat' dir='ltr'><strong>mediocrem</strong></span> <span class='ocrx_word' id='word_1_213' title='bbox 1581 2840 1960 2901; x_wconf 87' lang='lat' dir='ltr'><strong>occasionem</strong></span> <span class='ocrx_word' id='word_1_214' title='bbox 1990 2842 2303 2903; x_wconf 86' lang='lat' dir='ltr'><strong>exercendi</strong></span> <span class='ocrx_word' id='word_1_215' title='bbox 2332 2842 2589 2903; x_wconf 78' lang='lat' dir='ltr'><strong>studium</strong></span> <span class='ocrx_word' id='word_1_216' title='bbox 2611 2863 2783 2905; x_wconf 89' lang='lat' dir='ltr'><strong>suum</strong></span> 
     </span>
     <span class='ocr_line' id='line_1_27' title="bbox 588 2936 2784 3019; baseline 0.003 -22"><span class='ocrx_word' id='word_1_217' title='bbox 588 2936 844 2997; x_wconf 85' lang='lat' dir='ltr'><strong>habituri</strong></span> <span class='ocrx_word' id='word_1_218' title='bbox 874 2955 1005 2997; x_wconf 87' lang='lat' dir='ltr'><strong>esse</strong></span> <span class='ocrx_word' id='word_1_219' title='bbox 1033 2936 1362 2998; x_wconf 83' lang='lat' dir='ltr'><strong>videantur.</strong></span> <span class='ocrx_word' id='word_1_220' title='bbox 1449 2938 1578 2997; x_wconf 83' lang='lat' dir='ltr'><strong>Etsi</strong></span> <span class='ocrx_word' id='word_1_221' title='bbox 1607 2948 1806 2999; x_wconf 87' lang='lat' dir='ltr'><strong>autem</strong></span> <span class='ocrx_word' id='word_1_222' title='bbox 1845 2938 1977 2998; x_wconf 85' lang='lat' dir='ltr'><strong>haec</strong></span> <span class='ocrx_word' id='word_1_223' title='bbox 2008 2950 2147 2999; x_wconf 88' lang='lat' dir='ltr'><strong>sunt</strong></span> <span class='ocrx_word' id='word_1_224' title='bbox 2171 2938 2492 3019; x_wconf 73' lang='lat' dir='ltr'><strong>praecipua,</strong></span> <span class='ocrx_word' id='word_1_225' title='bbox 2517 2958 2623 3019; x_wconf 86' lang='lat' dir='ltr'><strong>per</strong></span> <span class='ocrx_word' id='word_1_226' title='bbox 2648 2960 2784 3019; x_wconf 70' lang='lat' dir='ltr'><strong>qum</strong></span> 
     </span>
     <span class='ocr_line' id='line_1_28' title="bbox 589 3033 2785 3113; baseline -0.001 -15"><span class='ocrx_word' id='word_1_227' title='bbox 589 3041 873 3111; x_wconf 81' lang='lat' dir='ltr'><strong>poterunt</strong></span> <span class='ocrx_word' id='word_1_228' title='bbox 915 3034 1142 3096; x_wconf 85' lang='lat' dir='ltr'><strong>numeri</strong></span> <span class='ocrx_word' id='word_1_229' title='bbox 1185 3052 1460 3093; x_wconf 81' lang='lat' dir='ltr'><strong>versuum</strong></span> <span class='ocrx_word' id='word_1_230' title='bbox 1509 3035 1865 3097; x_wconf 83' lang='lat' dir='ltr'><strong>comicorum</strong></span> <span class='ocrx_word' id='word_1_231' title='bbox 1910 3033 2169 3113; x_wconf 84' lang='lat' dir='ltr'><strong>expediri</strong></span> <span class='ocrx_word' id='word_1_232' title='bbox 2218 3046 2279 3093; x_wconf 86' lang='lat' dir='ltr'><strong>et</strong></span> <span class='ocrx_word' id='word_1_233' title='bbox 2326 3035 2495 3113; x_wconf 82' lang='lat' dir='ltr'><strong>quasi</strong></span> <span class='ocrx_word' id='word_1_234' title='bbox 2538 3035 2785 3111; x_wconf 79' lang='lat' dir='ltr'><strong>exsolvi,</strong></span> 
     </span>
     <span class='ocr_line' id='line_1_29' title="bbox 591 3127 2786 3209; baseline 0.002 -22"><span class='ocrx_word' id='word_1_235' title='bbox 591 3136 791 3191; x_wconf 85' lang='lat' dir='ltr'><strong>tamen</strong></span> <span class='ocrx_word' id='word_1_236' title='bbox 829 3140 892 3188; x_wconf 91' lang='lat' dir='ltr'><strong>et</strong></span> <span class='ocrx_word' id='word_1_237' title='bbox 936 3129 1054 3187; x_wconf 88' lang='lat' dir='ltr'><strong>alia</strong></span> <span class='ocrx_word' id='word_1_238' title='bbox 1081 3129 1352 3206; x_wconf 80' lang='lat' dir='ltr'><strong>quaedam</strong></span> <span class='ocrx_word' id='word_1_239' title='bbox 1383 3128 1460 3187; x_wconf 90' lang='lat' dir='ltr'><strong>ad</strong></span> <span class='ocrx_word' id='word_1_240' title='bbox 1486 3130 1643 3187; x_wconf 86' lang='lat' dir='ltr'><strong>banc</strong></span> <span class='ocrx_word' id='word_1_241' title='bbox 1680 3148 1881 3187; x_wconf 88' lang='lat' dir='ltr'><strong>curam</strong></span> <span class='ocrx_word' id='word_1_242' title='bbox 1911 3127 2268 3187; x_wconf 86' lang='lat' dir='ltr'><strong>assumenda</strong></span> <span class='ocrx_word' id='word_1_243' title='bbox 2296 3138 2454 3200; x_wconf 87' lang='lat' dir='ltr'><strong>suut,</strong></span> <span class='ocrx_word' id='word_1_244' title='bbox 2485 3142 2545 3187; x_wconf 91' lang='lat' dir='ltr'><strong>et</strong></span> <span class='ocrx_word' id='word_1_245' title='bbox 2580 3130 2638 3188; x_wconf 88' lang='lat' dir='ltr'><strong>in</strong></span> <span class='ocrx_word' id='word_1_246' title='bbox 2667 3132 2786 3209; x_wconf 86' lang='lat' dir='ltr'><strong>pri-</strong></span> 
     </span>
     <span class='ocr_line' id='line_1_30' title="bbox 593 3221 2785 3307; baseline 0.002 -27"><span class='ocrx_word' id='word_1_247' title='bbox 593 3221 706 3280; x_wconf 88' lang='lat' dir='ltr'><strong>mis</strong></span> <span class='ocrx_word' id='word_1_248' title='bbox 733 3222 1089 3301; x_wconf 75' lang='lat' dir='ltr'><strong>syllabarum</strong></span> <span class='ocrx_word' id='word_1_249' title='bbox 1118 3221 1450 3300; x_wconf 87' lang='lat' dir='ltr'><strong>productio,</strong></span> <span class='ocrx_word' id='word_1_250' title='bbox 1497 3243 1635 3300; x_wconf 82' lang='lat' dir='ltr'><strong>quse</strong></span> <span class='ocrx_word' id='word_1_251' title='bbox 1662 3225 1897 3293; x_wconf 69' lang='grc' dir='ltr'><strong>ἔκτεισις,</strong></span> <span class='ocrx_word' id='word_1_252' title='bbox 1926 3242 2007 3307; x_wconf 31' lang='lat' dir='ltr'><strong>ac·</strong></span> <span class='ocrx_word' id='word_1_253' title='bbox 2022 3223 2331 3302; x_wconf 82' lang='lat' dir='ltr'><strong>correptio,</strong></span> <span class='ocrx_word' id='word_1_254' title='bbox 2375 3242 2509 3303; x_wconf 75' lang='lat' dir='ltr'><strong>quse</strong></span> <span class='ocrx_word' id='word_1_255' title='bbox 2539 3230 2785 3298; x_wconf 72' lang='grc' dir='ltr'>συστολὴ</span> 
     </span>
     <span class='ocr_line' id='line_1_31' title="bbox 593 3316 2787 3396; baseline 0.003 -22"><span class='ocrx_word' id='word_1_256' title='bbox 593 3316 947 3376; x_wconf 85' lang='lat' dir='ltr'><strong>nominatur.</strong></span> <span class='ocrx_word' id='word_1_257' title='bbox 1033 3318 1129 3376; x_wconf 88' lang='lat' dir='ltr'><strong>Fit</strong></span> <span class='ocrx_word' id='word_1_258' title='bbox 1155 3326 1348 3379; x_wconf 87' lang='lat' dir='ltr'><strong>autem</strong></span> <span class='ocrx_word' id='word_1_259' title='bbox 1393 3320 1633 3388; x_wconf 74' lang='grc' dir='ltr'><strong>ἔκτασιε,</strong></span> <span class='ocrx_word' id='word_1_260' title='bbox 1676 3317 1865 3379; x_wconf 83' lang='lat' dir='ltr'><strong>vocali</strong></span> <span class='ocrx_word' id='word_1_261' title='bbox 1916 3317 2210 3377; x_wconf 84' lang='lat' dir='ltr'><strong>interdum</strong></span> <span class='ocrx_word' id='word_1_262' title='bbox 2259 3317 2550 3396; x_wconf 87' lang='lat' dir='ltr'><strong>producta</strong></span> <span class='ocrx_word' id='word_1_263' title='bbox 2576 3332 2787 3385; x_wconf 86' lang='lat' dir='ltr'><strong>natura</strong></span> 
     </span>
     <span class='ocr_line' id='line_1_32' title="bbox 590 3411 2784 3493; baseline 0.002 -23"><span class='ocrx_word' id='word_1_264' title='bbox 590 3412 784 3471; x_wconf 83' lang='lat' dir='ltr'><strong>brevi:</strong></span> <span class='ocrx_word' id='word_1_265' title='bbox 826 3424 914 3483; x_wconf 88' lang='lat' dir='ltr'><strong>ut,</strong></span> <span class='ocrx_word' id='word_1_266' title='bbox 944 3411 1074 3485; x_wconf 84' lang='lat' dir='ltr'><strong>fuit,</strong></span> <span class='ocrx_word' id='word_1_267' title='bbox 1101 3422 1162 3472; x_wconf 87' lang='lat' dir='ltr'><strong>et</strong></span> <span class='ocrx_word' id='word_1_268' title='bbox 1187 3414 1332 3484; x_wconf 86' lang='lat' dir='ltr'><strong>fieri,</strong></span> <span class='ocrx_word' id='word_1_269' title='bbox 1361 3412 1526 3492; x_wconf 89' lang='lat' dir='ltr'><strong>quod</strong></span> <span class='ocrx_word' id='word_1_270' title='bbox 1552 3432 1732 3493; x_wconf 86' lang='lat' dir='ltr'><strong>supra</strong></span> <span class='ocrx_word' id='word_1_271' title='bbox 1758 3411 2080 3475; x_wconf 88' lang='lat' dir='ltr'><strong>retulimus.</strong></span> <span class='ocrx_word' id='word_1_272' title='bbox 2156 3414 2455 3474; x_wconf 84' lang='lat' dir='ltr'><strong>Interdum</strong></span> <span class='ocrx_word' id='word_1_273' title='bbox 2485 3416 2784 3493; x_wconf 81' lang='lat' dir='ltr'><strong>geminata</strong></span> 
     </span>
     <span class='ocr_line' id='line_1_33' title="bbox 595 3505 2787 3591; baseline 0.005 -28"><span class='ocrx_word' id='word_1_274' title='bbox 595 3514 982 3578; x_wconf 86' lang='lat' dir='ltr'><strong>consonante,</strong></span> <span class='ocrx_word' id='word_1_275' title='bbox 1004 3515 1092 3579; x_wconf 90' lang='lat' dir='ltr'><strong>ut,</strong></span> <span class='ocrx_word' id='word_1_276' title='bbox 1121 3505 1374 3586; x_wconf 83' lang='lat' dir='ltr'><strong>relligio,</strong></span> <span class='ocrx_word' id='word_1_277' title='bbox 1401 3506 1686 3581; x_wconf 84' lang='lat' dir='ltr'><strong>redduco,</strong></span> <span class='ocrx_word' id='word_1_278' title='bbox 1713 3508 1999 3587; x_wconf 84' lang='lat' dir='ltr'><strong>repperit3</strong></span> <span class='ocrx_word' id='word_1_279' title='bbox 2046 3512 2287 3581; x_wconf 76' lang='grc' dir='ltr'>συστολὴ</span> <span class='ocrx_word' id='word_1_280' title='bbox 2314 3522 2529 3583; x_wconf 83' lang='lat' dir='ltr'><strong>autem,</strong></span> <span class='ocrx_word' id='word_1_281' title='bbox 2556 3511 2787 3591; x_wconf 82' lang='lat' dir='ltr'><strong>syllaba</strong></span> 
     </span>
     <span class='ocr_line' id='line_1_34' title="bbox 593 3602 2405 3682; baseline 0.004 -23"><span class='ocrx_word' id='word_1_282' title='bbox 593 3609 899 3678; x_wconf 86' lang='lat' dir='ltr'><strong>correpta:</strong></span> <span class='ocrx_word' id='word_1_283' title='bbox 939 3611 1008 3659; x_wconf 89' lang='lat' dir='ltr'><strong>ut</strong></span> <span class='ocrx_word' id='word_1_284' title='bbox 1036 3602 1263 3673; x_wconf 88' lang='lat' dir='ltr'><strong>omitto,</strong></span> <span class='ocrx_word' id='word_1_285' title='bbox 1291 3612 1350 3662; x_wconf 89' lang='lat' dir='ltr'><strong>et</strong></span> <span class='ocrx_word' id='word_1_286' title='bbox 1374 3603 1593 3682; x_wconf 86' lang='lat' dir='ltr'><strong>rejicio,</strong></span> <span class='ocrx_word' id='word_1_287' title='bbox 1624 3614 1685 3663; x_wconf 91' lang='lat' dir='ltr'><strong>et</strong></span> <span class='ocrx_word' id='word_1_288' title='bbox 1714 3610 2049 3679; x_wconf 73' lang='grc' dir='ltr'>συναιρέσοι,</span> <span class='ocrx_word' id='word_1_289' title='bbox 2077 3607 2273 3677; x_wconf 87' lang='lat' dir='ltr'><strong>reici0‚</strong></span> <span class='ocrx_word' id='word_1_290' title='bbox 2304 3616 2405 3667; x_wconf 88' lang='lat' dir='ltr'><strong>ut:</strong></span> 
     </span>
    </p>

    <p class='ocr_par' dir='ltr' id='par_1_10' title="bbox 592 3694 2781 4256">
     <span class='ocr_line' id='line_1_35' title="bbox 833 3694 2221 3779; baseline 0.006 -27"><span class='ocrx_word' id='word_1_291' title='bbox 833 3694 1054 3775; x_wconf 82' lang='lat' dir='ltr'><strong>Tityre,</strong></span> <span class='ocrx_word' id='word_1_292' title='bbox 1081 3706 1395 3773; x_wconf 80' lang='lat' dir='ltr'><strong>pascentes</strong></span> <span class='ocrx_word' id='word_1_293' title='bbox 1417 3716 1455 3757; x_wconf 86' lang='lat' dir='ltr'><strong>a</strong></span> <span class='ocrx_word' id='word_1_294' title='bbox 1481 3697 1721 3759; x_wconf 86' lang='lat' dir='ltr'><strong>flumine</strong></span> <span class='ocrx_word' id='word_1_295' title='bbox 1759 3698 1910 3759; x_wconf 91' lang='lat' dir='ltr'><strong>reice</strong></span> <span class='ocrx_word' id='word_1_296' title='bbox 1938 3700 2221 3779; x_wconf 85' lang='lat' dir='ltr'><strong>capellas.</strong></span> 
     </span>
     <span class='ocr_line' id='line_1_36' title="bbox 594 3791 2781 3873; baseline 0.002 -21"><span class='ocrx_word' id='word_1_297' title='bbox 594 3791 688 3852; x_wconf 88' lang='lat' dir='ltr'><strong>Ita</strong></span> <span class='ocrx_word' id='word_1_298' title='bbox 714 3798 954 3870; x_wconf 85' lang='lat' dir='ltr'><strong>putatur</strong></span> <span class='ocrx_word' id='word_1_299' title='bbox 981 3792 1372 3873; x_wconf 69' lang='grc' dir='ltr'><strong>ἐκτεταμένον,</strong></span> <span class='ocrx_word' id='word_1_300' title='bbox 1402 3794 1576 3854; x_wconf 79' lang='lat' dir='ltr'><strong>vitam</strong></span> <span class='ocrx_word' id='word_1_301' title='bbox 1629 3792 1906 3854; x_wconf 81' lang='lat' dir='ltr'><strong>dederitis</strong></span> <span class='ocrx_word' id='word_1_302' title='bbox 1952 3794 2012 3855; x_wconf 87' lang='lat' dir='ltr'><strong>in</strong></span> <span class='ocrx_word' id='word_1_303' title='bbox 2051 3795 2267 3857; x_wconf 82' lang='lat' dir='ltr'><strong>undis:</strong></span> <span class='ocrx_word' id='word_1_304' title='bbox 2310 3806 2392 3868; x_wconf 85' lang='lat' dir='ltr'><strong>et,</strong></span> <span class='ocrx_word' id='word_1_305' title='bbox 2436 3797 2781 3857; x_wconf 83' lang='lat' dir='ltr'><strong>transieritis</strong></span> 
     </span>
     <span class='ocr_line' id='line_1_37' title="bbox 595 3885 2781 3970; baseline 0.004 -23"><span class='ocrx_word' id='word_1_306' title='bbox 595 3906 803 3967; x_wconf 71' lang='lat' dir='ltr'><strong>aquas.</strong></span> <span class='ocrx_word' id='word_1_307' title='bbox 889 3885 1016 3949; x_wconf 81' lang='lat' dir='ltr'><strong>Etsi</strong></span> <span class='ocrx_word' id='word_1_308' title='bbox 1045 3887 1398 3967; x_wconf 79' lang='lat' dir='ltr'><strong>quibusdam</strong></span> <span class='ocrx_word' id='word_1_309' title='bbox 1441 3899 1657 3951; x_wconf 82' lang='lat' dir='ltr'><strong>natura</strong></span> <span class='ocrx_word' id='word_1_310' title='bbox 1697 3890 1959 3951; x_wconf 83' lang='lat' dir='ltr'><strong>flexionis</strong></span> <span class='ocrx_word' id='word_1_311' title='bbox 2005 3893 2305 3970; x_wconf 83' lang='lat' dir='ltr'><strong>postulare</strong></span> <span class='ocrx_word' id='word_1_312' title='bbox 2334 3892 2584 3963; x_wconf 80' lang='lat' dir='ltr'><strong>videtur,</strong></span> <span class='ocrx_word' id='word_1_313' title='bbox 2625 3893 2781 3955; x_wconf 87' lang='lat' dir='ltr'><strong>utin</strong></span> 
     </span>
     <span class='ocr_line' id='line_1_38' title="bbox 592 3981 2781 4065; baseline 0.004 -24"><span class='ocrx_word' id='word_1_314' title='bbox 592 3981 930 4062; x_wconf 88' lang='lat' dir='ltr'><strong>hujusmodi</strong></span> <span class='ocrx_word' id='word_1_315' title='bbox 955 3983 1167 4053; x_wconf 81' lang='lat' dir='ltr'><strong>verbis,</strong></span> <span class='ocrx_word' id='word_1_316' title='bbox 1209 3982 1278 4055; x_wconf 85' lang='lat' dir='ltr'><strong>ri,</strong></span> <span class='ocrx_word' id='word_1_317' title='bbox 1324 3984 1556 4061; x_wconf 79' lang='lat' dir='ltr'><strong>syllaba</strong></span> <span class='ocrx_word' id='word_1_318' title='bbox 1598 3984 1977 4064; x_wconf 85' lang='lat' dir='ltr'><strong>producatur,</strong></span> <span class='ocrx_word' id='word_1_319' title='bbox 2024 3996 2087 4047; x_wconf 89' lang='lat' dir='ltr'><strong>et</strong></span> <span class='ocrx_word' id='word_1_320' title='bbox 2132 3988 2235 4047; x_wconf 90' lang='lat' dir='ltr'><strong>illa</strong></span> <span class='ocrx_word' id='word_1_321' title='bbox 2261 3988 2601 4065; x_wconf 84' lang='lat' dir='ltr'><strong>corripiatur</strong></span> <span class='ocrx_word' id='word_1_322' title='bbox 2639 3992 2781 4049; x_wconf 74' lang='grc' dir='ltr'><strong>κατὰ</strong></span> 
     </span>
     <span class='ocr_line' id='line_1_39' title="bbox 598 4079 2779 4157; baseline 0.003 -19"><span class='ocrx_word' id='word_1_323' title='bbox 598 4084 895 4152; x_wconf 56' lang='lat' dir='ltr'><strong>nummio.</strong></span> <span class='ocrx_word' id='word_1_324' title='bbox 977 4079 1128 4142; x_wconf 82' lang='lat' dir='ltr'><strong>Hoec</strong></span> <span class='ocrx_word' id='word_1_325' title='bbox 1153 4090 1216 4139; x_wconf 82' lang='lat' dir='ltr'><strong>et</strong></span> <span class='ocrx_word' id='word_1_326' title='bbox 1251 4082 1521 4157; x_wconf 80' lang='lat' dir='ltr'><strong>superius</strong></span> <span class='ocrx_word' id='word_1_327' title='bbox 1565 4079 1957 4143; x_wconf 86' lang='lat' dir='ltr'><strong>iudicatorum</strong></span> <span class='ocrx_word' id='word_1_328' title='bbox 1984 4088 2179 4147; x_wconf 73' lang='grc' dir='ltr'>παθῶν</span> <span class='ocrx_word' id='word_1_329' title='bbox 2216 4080 2292 4145; x_wconf 84' lang='lat' dir='ltr'><strong>de</strong></span> <span class='ocrx_word' id='word_1_330' title='bbox 2320 4082 2578 4145; x_wconf 87' lang='lat' dir='ltr'><strong>Homero</strong></span> <span class='ocrx_word' id='word_1_331' title='bbox 2604 4084 2779 4145; x_wconf 86' lang='lat' dir='ltr'><strong>etiam</strong></span> 
     </span>
     <span class='ocr_line' id='line_1_40' title="bbox 597 4174 1898 4256; baseline 0.004 -23"><span class='ocrx_word' id='word_1_332' title='bbox 597 4192 756 4235; x_wconf 87' lang='lat' dir='ltr'><strong>nuuc</strong></span> <span class='ocrx_word' id='word_1_333' title='bbox 782 4174 1057 4256; x_wconf 78' lang='lat' dir='ltr'><strong>quaedam</strong></span> <span class='ocrx_word' id='word_1_334' title='bbox 1087 4174 1662 4237; x_wconf 77' lang='lat' dir='ltr'><strong>demonstrabimus:</strong></span> <span class='ocrx_word' id='word_1_335' title='bbox 1704 4176 1805 4239; x_wconf 80' lang='grc' dir='ltr'><strong>Ἰλ.</strong></span> <span class='ocrx_word' id='word_1_336' title='bbox 1828 4178 1898 4238; x_wconf 75' lang='lat' dir='ltr'><strong>o‘.</strong></span> 
     </span>
    </p>
   </div>
  </div>
 </body>
</html>
