3234 4934
1123 414 1220 463 ns
1268 412 1548 463 un‘rms
1593 409 1915 464 comicis.
2488 402 2617 468 217

435 554 728 615 rarissime
777 555 848 615 fit
889 552 1048 636 apud
1093 557 1404 617 Plautum:
1447 556 1568 617 vid.
1591 556 1820 618 fleant.
1848 576 1897 619 1.
1935 560 1988 617 1.
2019 559 2117 617 20.
2201 557 2383 619 Aliud
2420 570 2615 621 autem

436 647 747 730 septenarii
768 653 1097 731 exemplum
1123 653 1406 713 habemus
1433 651 1548 712 hac
1575 652 1707 730 ipsa
1732 654 1793 713 in
1822 673 2023 727 scena,
2050 675 2106 714 v.
2145 656 2238 713 16.

499 778 702 829 Mi‘rurn
725 788 841 829 νει-θ
852 807 872 820 ·
889 780 1282 845 impuzdenter
1296 808 1316 819 ·
1333 780 1521 830 mulier
1534 794 1600 831 Ξ.
1623 780 1666 829 si
1689 777 1817 829 facit

497 857 786 911 Meretrix.
852 859 956 910 Cn.
988 859 1074 911 Ab
1091 887 1112 899 -
1126 859 1322 909 Andri·
1335 870 1402 909 =
1413 866 1496 909 est
1519 860 1727 910 arr-cim
1746 860 1860 910 haec
1874 873 1941 912 ..-..
1954 896 1971 924 ,
2000 864 2223 925 qnantu-
2242 860 2515 925 iit-telligo.

439 972 521 1045 Si,
552 972 850 1044 Meretrix,
879 991 998 1032 non
1027 994 1061 1033 e
1087 973 1350 1053 margine
1395 970 1669 1032 traducta
1706 972 1801 1045 sit,
1848 974 1944 1033 vel
1971 974 2318 1033 collocanda
2344 982 2437 1033 est
2462 983 2624 1054 post,

434 1066 660 1140 mulier,
687 1077 748 1127 et
775 1067 860 1128 sic
887 1070 1046 1146 prior
1072 1068 1182 1129 erit
1229 1069 1620 1148 septenariae,
1666 1077 1769 1128 aut
1816 1068 2085 1149 sequenti
2126 1070 2481 1149 apponenda
2507 1081 2619 1145 est,

434 1172 502 1220 ut
549 1162 669 1235 hic,
719 1174 781 1223 et
825 1174 966 1225 tunc
1011 1164 1111 1225 ille
1159 1184 1280 1224 uno
1309 1163 1460 1245 pede
1507 1165 1837 1245 augebitur.
1947 1166 2055 1225 His
2098 1166 2286 1225 addas
2330 1166 2476 1226 Hec.
2510 1184 2619 1224 111.

435 1260 495 1316 4.
537 1258 632 1317 16.

501 1381 656 1465 Her&
669 1385 832 1515 {tiam
848 1413 869 1428 ·
887 1391 944 1437 tu
967 1386 1276 1439 nunczhic
1295 1389 1470 1439 stas-i
1533 1388 1639 1439 ΡΑ.
1674 1383 1741 1440 Et
1764 1388 1968 1455 quidem
1984 1403 2049 1443 ..τ
2068 1399 2111 1441 te
2134 1394 2421 1455 exspec-tfi.
2486 1389 2625 1439 Pin.

564 1465 667 1517 Qui
731 1467 845 1516 est?

439 1577 544 1636 sed
571 1578 748 1657 hujus
774 1601 977 1641 versus
1031 1581 1342 1643 lectionem
1391 1582 1532 1643 mihi
1581 1592 1919 1663 suspectam
1966 1602 2099 1645 esse
2128 1581 2205 1643 ad
2254 1581 2449 1642 locum
2476 1581 2627 1641 dixi.

439 1672 720 1753 Superest
746 1686 811 1737 ut
836 1697 1128 1752 moneam,
1169 1680 1436 1739 versibus
1463 1680 1815 1742 tetrametris
1844 1690 1906 1741 et
1932 1679 2227 1751 trimetris,
2254 1687 2467 1759 praeter
2490 1677 2627 1738 cola

434 1768 536 1827 illa
579 1769 655 1829 de
681 1772 895 1850 quibus
942 1774 1104 1852 prius
1137 1773 1279 1846 dixi,
1319 1774 1610 1835 interdum
1639 1776 1950 1837 immisceri
1978 1774 2319 1836 brevissima
2348 1771 2625 1851 quaedam

433 1877 760 1935 commata;
821 1868 996 1929 unius
1041 1869 1308 1950 syllabae,
1352 1880 1443 1943 ut,
1489 1892 1633 1942 non,
1664 1874 1818 1932 Eun.
1860 1892 1955 1932 ιν.
1981 1875 2045 1931 4.
2078 1875 2175 1931 32.
2225 1872 2494 1942 duarum,
2536 1876 2626 1943 iit,

437 1961 651 2040 In-jus,
679 1962 918 2023 Phorm.
946 1983 1010 2024 ν.
1041 1969 1100 2023 8.
1127 1968 1231 2025 44.
1257 1967 1454 2039 trium,
1483 1976 1570 2039 ut,
1615 1968 1726 2028 flos
1753 1969 1905 2047 ipse,
1942 1969 2043 2047 qui
2070 1979 2164 2028 est
2190 1968 2628 2027 iambicus‘mo-

437 2068 700 2117 nometer
733 2059 910 2119 catal.
997 2061 1151 2121 Eun.
1183 2079 1261 2120 11.
1294 2064 1351 2120 3.
1384 2065 1482 2121 28.
1533 2062 1767 2135 Occidi,
1812 2064 1966 2123 Eun.
2000 2082 2077 2122 11.
2111 2066 2167 2121 3.
2208 2064 2258 2120 l.
2290 2072 2369 2133 et,
2420 2060 2627 2131 Dorio,

436 2151 677 2212 Phorm.
709 2174 822 2215 111.
851 2157 908 2215 2.
949 2157 999 2213 1.
1030 2158 1130 2235 qui
1157 2172 1298 2219 sunt
1326 2156 1606 2219 trochaici
1638 2158 1985 2219 monometri
2011 2158 2189 2220 catal.
2219 2166 2491 2235 quatuor,
2518 2173 2626 2214 seu·

435 2270 570 2328 quoe
599 2260 845 2311 metrum
874 2252 1053 2313 iamb.
1085 2253 1379 2335 integrum
1405 2254 1795 2325 constituunt,
1824 2263 1911 2325 ut,
1940 2253 2083 2334 quid
2107 2251 2253 2313 illud
2284 2249 2423 2311 est?
2463 2248 2625 2309 And.

439 2366 486 2405 1.
516 2349 576 2406 5.
607 2350 665 2406 2.
709 2348 857 2408 Esse
886 2348 1140 2428 denique
1187 2371 1322 2431 quoe
1369 2362 1620 2409 metrum
1652 2348 1967 2409 iambicum
2002 2349 2307 2428 hypercat.
2335 2345 2635 2407 constitu--

433 2452 565 2513 unt,
593 2452 679 2515 ut,
708 2442 1267 2521 dis'crucior-animi,
1297 2445 1553 2527 Adelph.
1584 2464 1680 2507 ιν.
1703 2448 1764 2504 4.
1804 2447 1856 2507 1.

519 2537 626 2597 Est
654 2538 888 2617 quidem
914 2540 974 2599 in
1001 2542 1254 2619 vulgatis
1282 2541 1452 2603 editt.
1482 2539 1817 2619 exemplum
1846 2539 2021 2600 etiam
2053 2538 2361 2598 commatis
2391 2536 2625 2597 iambici

437 2632 669 2693 dimetri
713 2635 1248 2716 brachycatalecti:
1301 2637 1543 2697 Phorm.
1573 2656 1622 2698 1.
1650 2640 1709 2695 4.
1745 2638 1840 2695 18.
1925 2634 2275 2694 Homi'nem.
2316 2632 2443 2692 An.
2490 2632 2627 2692 Sta-

433 2726 612 2789 illico.
695 2727 816 2789 Gr..
846 2730 1015 2791 Hem.
1100 2732 1241 2805 Sed,
1284 2732 1620 2811 Hominem,
1665 2730 1743 2791 ad
1772 2750 2002 2790 versum
2032 2728 2465 2809 precedentem
2492 2728 2627 2806 reji-

435 2822 710 2884 ciendum
731 2844 884 2899 esse,
913 2826 990 2886 ad
1018 2826 1216 2889 locum
1243 2826 1365 2887 dixi
1390 2847 1406 2887 ε
1449 2846 1558 2887 nec
1584 2826 1721 2906 plus
1750 2845 1870 2886 uno
1918 2824 2094 2905 hujus
2123 2823 2357 2903 generis
2385 2821 2627 2891 memini

437 2920 596 3001 apud
621 2920 916 2982 Plautum.
958 2924 1126 2984 Pers,
1158 2944 1244 2985 ιν.
1273 2929 1332 2983 4.
1368 2925 1502 2983 116.

933 3029 1057 3099 „Ab”
1087 3042 1354 3115 argent-¹·
1374 3065 1402 3078 -
1422 3032 1562 3094 effer
1589 3031 1728 3092 huc.

517 3148 628 3208 His
668 3148 873 3227 paucis
921 3145 1142 3208 absolvi
1173 3144 1456 3225 quicquid
1507 3145 1660 3205 scire
1703 3162 1855 3221 opus
1904 3150 1997 3202 est
2046 3142 2121 3201 ad
2177 3138 2633 3219 intelligendum

436 3244 631 3305 omnia
676 3244 780 3304 illa
825 3244 1148 3305 carminum
1200 3261 1438 3321 genera,
1485 3260 1623 3319 quas
1672 3258 1709 3299 a
1745 3237 2007 3298 trochaeo
2035 3238 2129 3298 vel
2174 3236 2367 3296 iambo
2408 3253 2625 3295 nomen

437 3360 608 3400 suum
638 3340 994 3409 sortiuntur3
1028 3348 1320 3420 quatenus
1350 3337 1428 3417 ad
1451 3347 1767 3397 metrorum
1792 3334 2275 3395 Terentianorum
2291 3328 2629 3410 intelligen-

435 3439 575 3497 tiam
603 3456 803 3498 eorum
832 3437 1093 3517 cognitio
1120 3436 1454 3498 necessaria
1479 3443 1590 3494 est.
1664 3432 1759 3493 De
1783 3432 1875 3491 his
1904 3440 2099 3491 autem
2126 3429 2348 3509 duplex
2375 3429 2629 3506 quoestio

438 3533 654 3593 moveri
681 3543 918 3609 potestz
964 3532 1169 3605 altera,
1217 3531 1600 3611 quamobrem
1644 3538 1869 3589 tantam
1918 3526 2243 3588 carminum
2282 3523 2625 3585 varietatem

440 3627 768 3687 adhibuerit
791 3629 1119 3702 Terentius,
1161 3640 1223 3689 et
1263 3646 1382 3689 uon
1409 3628 1606 3709 potius
1658 3626 1815 3687 intra
1859 3623 2150 3683 trimetros
2180 3621 2423 3693 steterit,
2463 3618 2627 3698 quod

439 3724 622 3785 voluit
651 3721 1070 3789 Quintilianus.
1172 3723 1419 3783 Consilii
1467 3723 1644 3802 hujus
1691 3719 1979 3781 rationem
2018 3718 2189 3777 multi
2216 3738 2249 3777 e
2278 3716 2453 3775 rebus
2480 3714 2627 3793 ipsis

437 3819 752 3901 petendam
781 3817 1153 3889 arbitrantur,
1181 3830 1242 3880 et
1268 3818 1604 3878 Terentium
1626 3818 1805 3878 variis
1822 3834 2093 3876 versuum
2114 3812 2424 3894 generibus
2451 3828 2627 3869 usum

435 3916 638 3988 fuisse,
667 3924 736 3975 ut
760 3915 843 3974 rei
869 3913 946 3975 de
972 3932 1092 3992 qua
1111 3914 1305 3993 agitur
1327 3924 1596 3973 naturam
1624 3920 1995 3974 numerorum
2032 3908 2431 3971 concinnitate
2460 3922 2629 3983 specu

436 4022 691 4073 tatorum
737 4010 925 4071 oculis
975 4008 1184 4070 melius
1230 4010 1577 4089 subjiceret:
1642 4008 1747 4069 sed
1781 4027 1982 4069 vereor
2006 4016 2077 4067 ut
2116 4006 2234 4065 hoc
2276 4016 2624 4079 responsum

439 4110 584 4169 satis
609 4108 838 4167 firmum
881 4106 980 4178 sit,
1019 4125 1154 4166 eum
1199 4104 1460 4167 locorum
1506 4105 1870 4184 inspectione
1916 4108 2152 4163 constet
2174 4100 2234 4157 in
2266 4094 2623 4155 Fabulamm

439 4204 702 4283 partibus
751 4202 1001 4265 maxime
1053 4204 1203 4264 inter
1251 4220 1316 4263 se
1368 4200 1851 4263 dissentientibus
1908 4198 2065 4259 idem
2119 4191 2393 4255 carminis
2434 4208 2626 4272 genus
