3234 4934
958 415 1053 463 nn
1098 413 1417 461 comicis.
1446 410 2066 459 niusnslomnus.
2473 396 2603 461 153

406 559 797 638 junctionem,
842 574 1001 629 nam,
1052 574 1169 615 non
1214 554 1485 625 collidas,
1530 554 1678 614 nihil
1727 554 2078 615 innovabis:
2120 556 2442 633 praesertim
2473 576 2608 615 cum

417 657 478 713 in
534 663 763 734 promtu
812 652 1039 725 habuit,
1067 662 1133 711 ut
1154 671 1281 731 pr0,
1310 672 1467 724 nam,
1512 652 1846 731 subjiceret,
1895 670 2170 730 namque.
2251 651 2490 722 Verum,
2534 662 2602 711 ut

417 751 671 811 diximus
700 750 877 810 etiam
906 748 965 809 in
996 748 1112 809 alio
1141 747 1397 825 Prologo
1438 746 1593 807 idem
1623 746 1846 807 factum
1873 756 1984 819 est,
2005 756 2076 805 ut
2101 746 2518 825 geminaretur,
2543 756 2606 806 et

416 856 611 905 recte:
660 845 851 905 minus
888 863 1027 903 vero
1069 853 1231 904 recte
1275 862 1312 903 a
1356 843 1597 903 Donato
1633 842 1696 901 in
1738 842 1990 921 Hecyroe
2019 840 2311 919 Prologo:
2370 849 2385 874 ‘
2411 840 2606 920 Prope

408 943 533 1020 jam
562 951 907 1003 remmotum
936 938 1147 1019 injuria
1174 938 1613 999 adversarium!
1679 939 1857 1010 Nam,
1895 939 2126 999 tametsi
2159 938 2441 1017 geminari
2467 956 2610 996 con-

421 1038 683 1099 suevisse
730 1036 1000 1110 fatemur,
1049 1048 1245 1101 tamen
1298 1056 1415 1096 non
1446 1055 1577 1097 eum
1629 1036 1814 1095 fuisse
1861 1034 2079 1106 locum,
2132 1053 2262 1093 eam
2290 1032 2608 1093 affectandi

418 1134 810 1205 novationem,
856 1133 956 1212 qui
992 1132 1105 1192 sibi
1152 1132 1426 1203 iambum,
1469 1130 1962 1211 quandocumque
2008 1142 2231 1210 posset,
2272 1130 2608 1189 ascisceret.

420 1228 605 1289 Sicuti
635 1248 755 1287 non
783 1228 977 1289 minus
1006 1226 1319 1287 infeliciter
1348 1226 1720 1287 Priscianus:
1763 1227 1886 1305 qui,
1913 1246 2068 1298 cum,
2110 1226 2396 1297 redducit,
2425 1225 2611 1304 gemi-

420 1345 561 1385 nare
590 1335 811 1385 mutam
844 1322 1087 1395 diceret,
1115 1322 1292 1399 idque
1331 1321 1601 1400 exemplo
1647 1322 1892 1400 probare
1939 1322 2136 1394 vellet,
2183 1321 2383 1381 attulit
2425 1320 2610 1380 dime-

414 1430 571 1481 trum
626 1417 1015 1481 Horatianum
1062 1436 1133 1477 ex
1164 1414 1411 1496 Epodo:
1475 1416 1831 1476 ‘Redducet
1873 1417 1931 1475 in
1977 1416 2176 1477 sedem
2209 1416 2371 1477 vice?
2453 1417 2610 1475 Nam

418 1515 564 1595 quid
592 1513 733 1585 aiat,
784 1513 833 1571 si
863 1512 1117 1592 negem?
1158 1531 1351 1592 neque
1377 1512 1533 1572 enim
1569 1514 1924 1573 necessitate
1953 1512 2122 1592 pedis
2165 1512 2611 1592 persuadebitur

422 1611 615 1671 nobis.
678 1608 837 1676 Quid
870 1610 919 1669 si
948 1608 1305 1671 contendam
1330 1630 1449 1670 non
1480 1629 1613 1670 esse
1635 1610 1856 1669 factum
1885 1612 1958 1669 ab
1979 1610 2248 1681 Horati0,
2269 1610 2388 1688 qui,
2411 1608 2610 1687 quoad

420 1717 637 1786 potest,
669 1706 899 1765 iambos
929 1707 1103 1765 etiam
1132 1706 1499 1785 aucupatur?
1540 1708 1738 1775 Quare
1789 1706 1964 1785 igitur
1992 1705 2265 1784 abjecerit
2293 1706 2610 1785 genuinum

420 1802 651 1881 pedem,
699 1820 881 1879 quare
930 1801 1232 1862 admiserit
1278 1803 1535 1881 spuriam
1586 1802 1836 1873 literam,
1891 1812 1960 1861 ut
2010 1801 2174 1859 illum
2225 1799 2608 1861 excluderet?

422 1899 643 1959 Melius
670 1898 931 1968 fecisset,
961 1899 1010 1957 si
1040 1918 1115 1959 ex
1144 1897 1379 1978 Hecyra
1404 1898 1588 1959 illud:
1636 1906 1652 1933 ‘
1679 1898 2008 1959 Remissam
2039 1916 2188 1976 opus
2219 1899 2298 1957 sit
2317 1897 2508 1967 vobis,
2535 1916 2612 1957 an

422 1994 771 2053 redductam
818 1994 1095 2053 domum.’
1179 1992 1387 2071 Neque
1414 1994 1646 2063 mirum,
1697 2013 1832 2071 quoe
1877 1994 1958 2063 in,
2007 1992 2211 2062 reddo,
2269 1993 2611 2069 geminetur.

422 2088 493 2145 In
521 2107 703 2148 scena
729 2106 965 2166 quoque
992 2087 1161 2166 primi
1190 2097 1359 2148 actus
1386 2090 1613 2167 quinta,
1663 2106 1794 2147 cum
1827 2086 2118 2165 Pamphili
2160 2086 2406 2145 orationi
2435 2086 2616 2145 inter-

424 2184 687 2245 venisset
720 2184 932 2263 Mysis,
961 2194 1139 2263 atque
1156 2184 1285 2244 suis
1304 2194 1549 2264 uterque
1574 2204 1842 2245 seorsum
1864 2182 2170 2243 affectibus
2191 2194 2467 2253 uteretur,
2491 2168 2615 2241 ver-⁵

422 2300 525 2339 sus
570 2280 907 2341 interseruit
944 2280 1207 2341 diversos
1252 2300 1492 2361 quoque
1534 2282 1744 2352 Poeta,
1790 2299 1942 2359 quos
1983 2280 2264 2339 Erasmus
2310 2276 2611 2338 confudit:

422 2376 507 2435 sic
536 2375 713 2455 igitur
741 2374 975 2453 legendi
1006 2388 1179 2437 sunt:
1223 2383 1239 2410 ‘
1262 2376 1527 2437 Hoccine
1556 2387 1648 2437 est
1679 2376 1998 2435 humanum
2019 2375 2262 2445 factum,
2289 2384 2396 2433 aut
2414 2374 2616 2453 incep-

378 2516 383 2521 .
421 2470 588 2532 tum?
628 2472 877 2533 hoccine
903 2473 1159 2533 officium
1188 2471 1416 2553 patris?
1458 2472 1616 2541 Quid
1663 2472 1811 2532 illud
1839 2471 1976 2532 est?
2019 2469 2181 2531 Proh
2213 2470 2406 2529 Deum
2435 2479 2616 2547 atque

426 2567 729 2627 hominum
757 2566 955 2639 fidem,
1002 2567 1147 2646 quid
1174 2579 1289 2641 est,
1318 2568 1367 2626 si
1400 2586 1519 2627 non
1550 2567 1681 2627 haec
1707 2566 2066 2627 contumelia
2093 2575 2185 2625 est
2204 2564 2230 2623 ’ἓ
2251 2565 2266 2587 ’
2329 2565 2430 2625 Sic
2458 2566 2617 2625 enim

422 2662 599 2723 etiam
629 2662 747 2723 alio
776 2682 992 2743 genere
1036 2664 1230 2744 Mysis
1257 2664 1437 2724 utitur
1476 2664 1722 2725 iterum:
1780 2669 1798 2698 ‘
1825 2663 2104 2723 Miseram
2133 2682 2246 2734 me,
2291 2659 2454 2741 quod
2485 2682 2616 2722 rer-

420 2757 563 2817 bum
592 2756 845 2817 audio?
912 2758 1025 2818 Cui
1074 2757 1394 2838 respondet
1420 2757 1566 2817 illud
1594 2757 1886 2845 Pamphili
1911 2777 1930 2819 :
1971 2763 1988 2792 ‘
2017 2757 2200 2826 Quod
2247 2756 2298 2815 si
2325 2758 2412 2829 fit,
2439 2778 2618 2837 pereo

422 2852 729 2915 funditus)
814 2855 881 2914 In
934 2854 1143 2915 eadem
1182 2864 1380 2916 autem
1430 2874 1611 2915 scena
1643 2874 1876 2915 versum
1921 2854 2124 2914 illum:
2195 2861 2212 2887 ‘
2237 2852 2394 2912 Proh
2425 2852 2619 2913 Deum

426 2958 605 3026 atque
658 2949 965 3009 hominum
1012 2950 1212 3022 tidem,
1259 2950 1502 3011 nullone
1552 2969 1668 3029 ego
1688 2971 1704 3009 :
1722 2950 1737 2975 '
1796 2950 2056 3030 appellat
2105 2948 2418 3008 dimetrum
2463 2949 2618 3028 pede

424 3041 817 3115 redundante,
865 3044 999 3105 laxe
1036 3063 1181 3105 sane
1210 3045 1405 3104 nimis·
1489 3046 1642 3104 Nam
1673 3044 2054 3123 quamobrem
2091 3062 2212 3103 non
2242 3042 2620 3121 quinarium?

424 3157 609 3217 quare
654 3157 773 3198 non
822 3140 1143 3201 trimetrum
1186 3138 1864 3221 brachycatalecticum?
1929 3140 2064 3219 quis
2109 3158 2370 3218 uuquam
2398 3139 2622 3201 audivit

426 3254 655 3295 versum
677 3234 861 3295 ullum
882 3234 1035 3315 pede
1054 3254 1189 3297 esse
1210 3234 1622 3296 redundante?
1663 3254 1861 3295 nonne
1885 3234 2012 3315 ipse
2031 3234 2132 3295 ille
2151 3254 2352 3295 versus
2372 3234 2507 3296 talis
2527 3246 2622 3296 est

424 3331 539 3393 boc
555 3330 686 3410 ipso
706 3330 880 3412 pede,
901 3350 1077 3410 quem
1099 3330 1245 3391 dicis
1262 3329 1640 3393 redundare?
1670 3330 1824 3391 Illud
1844 3350 2080 3411 quoque
2100 3331 2254 3391 male
2271 3331 2620 3410 dignoscere

425 3427 691 3487 visisunt
713 3446 730 3487 ε
772 3444 907 3487 cum
929 3439 1099 3488 actus
1128 3425 1373 3487 secundi
1390 3436 1676 3507 putarunt
1701 3425 1951 3499 initium,
1967 3428 2220 3487 caudam
2238 3446 2372 3487 esse
2391 3437 2622 3506 postre-

426 3522 505 3581 mi
534 3541 757 3593 versus,
798 3542 917 3601 quo
952 3523 1249 3585 clauditur
1278 3534 1449 3585 actus
1477 3524 1740 3602 primus:
1783 3524 1906 3583 sic:
1950 3523 2042 3585 Ne
2088 3523 2166 3584 ad
2211 3526 2476 3609 morbum
2504 3524 2620 3585 hoc

427 3616 645 3685 etiam:
676 3627 883 3677 teneo:
925 3618 1069 3697 quid
1100 3619 1209 3691 ais,
1258 3617 1582 3699 Byrrhiat’
1647 3618 1826 3691 Nam,
1869 3630 1934 3679 ut
1973 3618 2090 3679 hoc
2124 3619 2374 3699 primum
2403 3617 2618 3693 dicam,

426 3710 615 3773 multo
643 3712 831 3773 satius
852 3722 965 3785 est,
993 3725 1061 3773 ut
1080 3715 1247 3775 initia
1266 3727 1507 3776 actuum
1533 3715 1768 3794 integra
1785 3716 1922 3787 sint,
1941 3734 2118 3795 quam
2141 3715 2308 3775 fines.
2389 3714 2621 3774 Deinde

428 3817 678 3889 apparet
706 3810 1041 3887 properatio
1071 3809 1130 3868 in
1160 3811 1397 3889 Myside
1436 3813 1712 3885 abeunte,
1739 3824 1808 3873 ut
1832 3811 2174 3891 Glycerium
2200 3809 2620 3872 consolaretur.

428 3904 637 3983 Itaque
666 3904 895 3984 abrupit
922 3922 1269 3977 sermonem,
1293 3916 1473 3985 atque
1498 3908 1660 3968 abiit.
1728 3906 2026 3967 Praeterea
2053 3907 2205 3967 inter
2231 3916 2400 3967 actus
2428 3906 2617 3965 Vetus

428 3997 735 4061 Comoedia
763 4001 1149 4063 interserebat
1186 4012 1571 4083 προσρήματα,
1601 4005 1836 4075 choros,
1886 4002 2178 4074 deverbia,
2209 4000 2620 4080 apostrophen,

428 4106 607 4174 atque
634 4096 753 4155 alia
778 4096 1085 4175 ejusmodi.
1170 4096 1341 4158 Nova
1370 4098 1678 4161 Comoedia
1725 4119 1854 4161 raro
1915 4117 2176 4178 gregem,
2225 4097 2336 4155 nisi
2379 4098 2440 4155 in
2483 4097 2618 4157 fine.

430 4189 767 4268 Aliquando
820 4191 995 4251 etiam
1053 4191 1395 4272 choragum
1447 4194 1700 4275 legimus
1751 4194 1910 4274 apud
1961 4194 2257 4253 Plautum.
2362 4192 2618 4253 Omnino

430 4294 623 4349 autem
642 4286 859 4349 tibicen
885 4288 1171 4351 canebat:
1214 4290 1377 4371 quod
1406 4308 1439 4352 e
1467 4289 1768 4355 Pseudulo
1811 4290 1948 4352 licet
1975 4288 2344 4371 perspicere:
2393 4278 2427 4324 '⁶
2455 4288 2616 4349 Dum
