3234 4934
1133 384 1230 431 os
1281 384 1564 433 stt-:nus
1611 386 1937 437 comols.
2496 375 2631 441 22⁹

1032 524 1346 605 Apocopes
1374 528 1647 605 exempla
1670 526 1802 587 haec
1832 526 1980 588 habe
2005 546 2021 588 ε

759 634 884 694 itan
1165 647 1269 697 tun
1546 640 1628 711 in,
1658 659 1784 718 pro,
1813 638 1942 700 isne
2120 640 2259 699 star'
2279 642 2303 677 ³

763 730 919 790 satin
1160 733 1427 811 parumn’
1545 734 1739 794 haben
2054 816 2059 821 ὁ
2121 736 2343 813 potess'

757 843 912 903 egon
1157 846 1348 887 sanun
1548 828 1725 888 viden
2122 828 2382 887 animul'.

522 964 792 1047 Denique
834 969 894 1027 in
939 967 1139 1029 multis
1185 989 1304 1030 non
1349 971 1528 1033 modo
1569 992 1598 1033 s
1644 971 1818 1031 finale
1846 991 1952 1051 pro
1978 972 2145 1032 libitu
2174 970 2474 1049 abjiciunt,
2516 969 2624 1031 sed

438 1061 699 1122 vocalem
729 1063 907 1125 etiam
931 1084 1066 1142 quae
1105 1055 1366 1143 proxime
1393 1067 1696 1147 praecedit.
1784 1066 2073 1145 Exempla
2116 1078 2255 1125 sunt
2301 1067 2623 1137 innumera,

436 1155 498 1215 in
527 1157 740 1236 quibus
771 1178 800 1218 s
829 1159 1094 1238 abjicitur
1132 1180 1266 1220 cum
1295 1160 1475 1221 dictio
1517 1161 1738 1222 desinit
1784 1161 1845 1219 in
1874 1180 1985 1227 us;
2052 1161 2160 1221 sed
2187 1159 2447 1220 vocalem
2476 1179 2625 1238 quo-

437 1270 575 1329 que,
602 1254 698 1312 cui
726 1253 1009 1333 adjuncta
1035 1264 1146 1327 est,
1189 1258 1443 1315 resecuit
1490 1274 1649 1336 saepe
1680 1255 1951 1329 Plautus,
1994 1255 2171 1334 idque
2198 1274 2317 1315 non
2346 1256 2404 1313 in
2436 1256 2625 1315 nomi-

436 1346 607 1407 nibus
640 1356 890 1421 tantum,
915 1357 984 1407 ut
1026 1349 1110 1421 in,
1147 1368 1376 1423 servus,
1404 1349 1512 1409 sed
1541 1350 1603 1408 in
1631 1349 1823 1411 verbis
1866 1351 2064 1421 etiam,
2104 1360 2173 1408 ut
2216 1351 2300 1421 in,
2329 1349 2625 1421 volumus,

437 1440 764 1513 attulimus,
791 1446 905 1502 ὅτε.
967 1442 1192 1503 Eadem
1213 1462 1448 1522 quoque
1477 1444 1734 1517 licentia,
1761 1463 1895 1503 cum
1918 1463 2032 1503 vox
2072 1443 2292 1503 desinit
2315 1444 2375 1502 in
2404 1444 2479 1515 is,
2502 1462 2623 1504 uon

434 1535 614 1596 modo
641 1558 670 1597 s
693 1536 979 1617 abjicitur,
999 1548 1069 1597 ut
1084 1540 1167 1610 in,
1191 1530 1410 1617 magis,>
1423 1538 1616 1611 nimis,
1638 1538 1857 1618 pergis,
1881 1538 2085 1612 tristis,
2109 1538 2271 1618 quod
2296 1558 2332 1597 a
2348 1538 2623 1600 Terentio

435 1630 676 1706 factum,
705 1632 813 1693 sed
841 1633 893 1693 is
921 1633 1121 1707 etiam,
1149 1642 1217 1693 ut
1242 1632 1328 1707 in,
1357 1632 1584 1706 similis,
1608 1631 1956 1705 consimilis,
1977 1632 2311 1703 exorabiliS,
2338 1634 2621 1711 corporis,

434 1726 698 1787 Veneris.
782 1726 1086 1787 Interdum
1115 1748 1144 1787 s
1175 1727 1426 1807 abjecta,
1463 1728 1482 1787 i
1523 1728 1851 1807 corripitur,
1884 1747 2073 1807 neque
2124 1747 2153 1788 s
2199 1726 2377 1789 modo
2420 1727 2529 1788 sed
2568 1730 2622 1789 is

432 1841 669 1902 quoque
709 1842 746 1882 a
785 1824 901 1883 fine
929 1820 1274 1897 detrahitur,
1306 1823 1483 1883 etiam
1511 1843 1645 1884 cum
1688 1834 1900 1883 natura
1924 1825 2106 1903 longe
2132 1832 2263 1891 θεὶς
2329 1824 2619 1903 exempla,

433 1917 589 1976 ubis
621 1919 887 1979 detracta
923 1918 1293 1998 icorripitur‚
1340 1929 1500 1990 sunt,
1545 1918 1752 1977 multis
1791 1927 1853 1977 et
1891 1919 2071 1991 miris,
2119 1938 2195 1979 ex
2221 1918 2431 1997 quibus
2461 1917 2623 1979 faeta

433 2022 592 2084 sunt,
611 2013 969 2073 multimodis
985 2022 1049 2074 et
1067 2010 1388 2073 mirimodis
1409 2032 1426 2073 ε
1451 2010 1739 2092 posterior
1757 2032 1993 2091 quoque
2018 2013 2103 2083 in,
2122 2013 2314 2083 nobis,
2334 2021 2415 2084 et,
2430 2015 2621 2087 vobis,
2658 2014 2665 2022 “

432 2106 638 2167 eadem
665 2108 907 2168 licentia
949 2107 1261 2187 aliquoties
1309 2106 1466 2188 apud
1517 2108 1794 2167 Plautum
1836 2107 2045 2184 corripi
2088 2104 2338 2177 videtur,
2384 2116 2447 2165 et
2470 2127 2621 2167 non-

431 2222 736 2283 nunquam
794 2212 986 2262 totum
1031 2202 1083 2263 is
1135 2202 1330 2281 abjici,
1369 2201 1485 2262 nisi
1531 2220 1640 2282 pro
1688 2201 1758 2261 iis
1806 2200 2126 2280 legendum
2174 2201 2250 2261 sit
2285 2200 2378 2259 bis
2421 2211 2482 2261 et
2508 2201 2620 2275 vis,

429 2318 679 2379 quorum
705 2298 864 2377 prius
891 2316 1021 2377 pro,
1050 2298 1246 2370 nobis,
1269 2299 1549 2378 antiquos
1579 2296 1802 2358 dixisse
1822 2296 2127 2357 annotavit
2147 2296 2359 2357 Festus
2384 2315 2401 2355 ε
2443 2296 2619 2375 hujus

431 2405 624 2455 autem
650 2393 906 2454 licentiae
937 2392 1098 2454 clara
1123 2394 1396 2473 exempla
1418 2403 1580 2465 sunt,
1606 2393 1848 2473 paratis,
1877 2392 2155 2473 imperiis.
2660 2378 2663 2386 ¹

515 2489 625 2549 His
653 2489 842 2549 addas
865 2489 1025 2567 quod
1050 2510 1116 2550 es
1144 2489 1438 2551 interdum
1466 2490 1737 2569 abjicitur
1762 2489 1849 2564 in,
1875 2508 2006 2557 res;
2049 2495 2129 2562 et,
2168 2506 2263 2547 res
2306 2494 2418 2560 est,
2446 2506 2519 2549 ex
2545 2505 2619 2549 eo

435 2584 654 2664 saepius
683 2585 751 2644 fit
777 2584 1070 2665 monosyl-

508 2682 707 2760 Atque
749 2679 846 2739 hae
890 2680 1010 2742 t'ere
1041 2696 1182 2742 sunt
1225 2682 1502 2755 rationes,
1529 2682 1743 2763 quibus
1772 2690 1997 2740 veteres
2045 2677 2273 2739 Comici
2297 2696 2463 2737 veras
2489 2696 2617 2739 ver-

429 2778 634 2838 borum
662 2776 1021 2855 quantitates
1049 2776 1240 2839 solent
1269 2778 1632 2851 imminuere,
1673 2774 2041 2855 corripiendo
2066 2793 2277 2852 nempe
2303 2783 2364 2833 et
2384 2783 2619 2833 contra·-

429 2872 648 2934 hendo.
732 2872 810 2931 Et
853 2871 1030 2951 hujus
1079 2874 1312 2953 generis
1357 2884 1449 2935 est
1498 2873 1868 2951 licentiarum
1913 2888 2050 2948 pars
2099 2866 2278 2946 longe
2320 2867 2617 2927 maxima:

429 2986 630 3027 earum
659 2986 798 3026 vero
825 2985 1024 3027 ceusae
1054 2987 1128 3027 ex
1166 2968 1438 3048 populari
1484 2966 1767 3048 loquendi
1795 2962 2226 3025 consuetudine
2270 2971 2331 3024 et
2357 2982 2615 3041 pronun-

427 3062 687 3123 tiationis
717 3071 928 3123 natura
949 3060 1225 3143 petendae
1253 3072 1414 3126 sunt.
1483 3064 1603 3125 Sed
1634 3073 1694 3125 et
1721 3063 1854 3124 alise
1875 3058 2177 3121 nonnullae
2206 3066 2347 3121 sunt
2372 3057 2615 3119 alterius

1556 3243 1801 3309 Virgines
1839 3257 1956 3293 nam
1992 3240 2092 3291 sibi
2114 3240 2329 3306 quisque
2351 3237 2490 3290 domi
2512 3239 2613 3290 Ro·

1554 3334 1733 3371 manus
1769 3319 1929 3370 habet
1968 3331 2069 3368 aas.
2136 3316 2239 3367 Sed
2285 3316 2406 3366 satis
2448 3316 2614 3366 multa

1555 3396 1693 3461 apud
1716 3395 1940 3446 Ennium
1961 3391 2201 3456 exempla
2238 3399 2377 3455 sunt,
2414 3390 2469 3439 in
2501 3390 2611 3455 qui-

426 3246 706 3311 pyrrhicltii
744 3246 856 3298 loco
901 3252 1044 3311 sunt,
1075 3246 1217 3313 qnasi
1256 3244 1477 3296 duorum

428 3325 628 3370 tantum
651 3328 827 3372 essent
846 3326 1154 3385 temporum.

487 3400 522 3445 9
557 3395 762 3459 Biia-iat]
795 3396 860 3446 In
893 3396 1106 3447 vocibus
1127 3396 1278 3461 hujus
1299 3393 1478 3447 formae

426 3472 566 3534 prior
589 3472 606 3519 i
627 3486 741 3521 cum
763 3472 929 3521 altera
949 3471 1002 3521 in
1027 3485 1180 3521 uuam
1213 3470 1477 3531 coulescit,

426 3554 483 3597 et
514 3553 620 3596 tum
663 3546 681 3595 i
717 3546 912 3611 duplex
957 3562 1072 3597 cum
1107 3546 1278 3598 vocali
1310 3545 1478 3611 primu

426 3621 793 3688 diphthongum
813 3622 999 3673 induit.

492 3700 520 3747 1
579 3696 848 3759 Virginem]
911 3697 1034 3746 Non
1089 3698 1214 3748 satis
1271 3703 1476 3749 constat

424 3779 595 3823 utrum
619 3771 672 3820 in
693 3771 792 3822 hac
809 3784 938 3821 voce
958 3773 1149 3821 vocalis
1183 3773 1356 3823 media
1384 3774 1473 3823 eli-

426 3848 598 3899 denda
612 3848 702 3910 sit,
717 3862 782 3897 an
797 3846 962 3912 prima
977 3846 1304 3911 corripienda
1317 3865 1334 3909 ς
1359 3862 1473 3911 pos-

424 3926 586 3976 terius
613 3924 807 3985 malim,
825 3937 942 3973 cum
965 3922 1016 3971 in
1039 3922 1213 3971 multis
1245 3922 1473 3972 animad-

426 4008 616 4063 vertas,
661 4000 889 4051 vocalem
931 3998 1142 4048 brevem
1183 4003 1304 4048 aute
1348 3994 1476 4047 duas

425 4088 674 4127 consonas
697 4088 912 4139 quorum
935 4074 1077 4139 prior
1096 4076 1178 4123 est
1193 4086 1238 4136 r,
1261 4072 1475 4137 corripi.

423 4152 618 4203 Contra
634 4166 758 4204 vero
772 4149 987 4203 affertur
1003 4149 1088 4203 hic
1103 4164 1283 4203 versus
1298 4151 1474 4205 Ennii:

1555 3473 1652 3525 bus
1685 3486 1860 3523 versus
1880 3473 2180 3521 hexameter
2198 3468 2383 3533 incipit
2402 3468 2470 3518 ab
2492 3481 2612 3517 ana-

1560 3555 1897 3685 paeznziberoe]
1927 3620 2123 3671 Eadem
2146 3620 2435 3670 contractio
2456 3617 2516 3668 fit
2536 3618 2609 3684 in,

1555 3699 1799 3761 liberare,
1822 3696 2052 3760 liberius,
2075 3696 2377 3762 periculum,
2394 3701 2449 3744 et
2468 3694 2605 3743 simi·

1554 3774 1823 3910 ιὼέἓέαθ]
1841 3848 2012 3910 Clare,
2032 3845 2087 3896 ni
2105 3844 2275 3908 fallor,
2296 3842 2435 3908 apud
2452 3842 2611 3893 Plau-

1554 3929 1663 3972 tum
1681 3924 1919 3986 exempla
1936 3929 2054 3972 snut
2075 3922 2224 3987 hujus
2238 3919 2489 3982 licentiae,
2505 3933 2608 3983 qua

1553 4013 1584 4050 e
1620 3997 1775 4049 finale
1808 3999 1865 4048 in
1905 3998 2075 4048 verbis
2106 3998 2243 4048 modi
2268 3994 2454 4045 infiniti
2483 3993 2609 4059 abji-

1553 4075 1690 4126 citur
1710 4080 1962 4140 sequente
1993 4086 2234 4133 consona,
2262 4083 2367 4135 qua
2397 4067 2608 4119 lieentia

1554 4150 1697 4203 uuila
1716 4149 1857 4216 apud
1878 4149 2041 4201 Italos
2060 4146 2399 4213 frequentior.
