3234 4934
609 429 700 497 68
1449 443 1545 492 DB
1591 445 1975 494 THEATRO.

613 597 858 650 ornatus
885 608 900 647 t
941 609 975 648 e
1021 587 1236 666 quibus
1266 585 1500 646 innoxie
1528 598 1729 665 patres
1756 589 2105 667 equitesque
2136 589 2391 650 Romani
2431 603 2807 672 prospectare

613 686 919 748 solebant:
961 682 1292 763 cujusmodi
1322 682 1617 762 quendam
1652 685 1975 744 Flaminius
2002 686 2209 746 Romae
2237 691 2605 751 construxit:
2648 691 2809 752 unde

613 783 833 842 circum
866 780 1216 841 Flaminium
1261 779 1534 857 legimus,
1577 790 1637 838 et
1666 781 1884 840 circum
1912 781 2257 853 Maximum,
2287 804 2323 843 a
2352 785 2592 845 Caesare
2622 785 2809 846 dicta-

610 889 737 938 tore
765 888 1150 950 exstructum,
1179 876 1348 955 cujus
1375 877 1631 953 vestigia
1658 875 1853 935 adbuc
1882 877 2059 935 hodie
2088 878 2355 938 visuntur
2386 879 2614 950 Romae,
2634 881 2809 961 juxta

612 974 805 1036 edem
847 974 925 1034 D.
974 973 1324 1033 Sebastiano
1351 989 1599 1030 sacram.
1690 972 1824 1030 Fuit
1852 985 2051 1032 autem
2080 972 2453 1053 longitudine
2483 977 2808 1040 stadiorum

612 1073 808 1144 trium,
837 1071 1148 1131 latitudine
1172 1069 1368 1140 unius,
1389 1087 1522 1127 cum
1550 1067 1817 1127 aedificiis
1836 1069 2109 1148 jugerum
2134 1080 2480 1149 quaternum
2505 1071 2581 1131 ad
2602 1073 2807 1136 sedem

611 1169 999 1228 ducentorum
1033 1167 1339 1244 sexaginta
1385 1165 1628 1223 millium
1676 1164 1998 1226 hominum.
2082 1166 2268 1226 Erant
2310 1167 2367 1226 in
2398 1187 2471 1227 eo
2500 1179 2674 1229 metoe
2704 1169 2810 1230 de·-

610 1265 845 1345 positoe,
873 1263 1118 1322 duarum
1147 1273 1253 1320 aut
1279 1261 1448 1320 trium
1477 1259 1846 1340 pyramidum
1878 1261 2123 1321 formam
2154 1263 2494 1324 referentes.
2582 1265 2648 1324 In
2678 1266 2807 1345 ejus

613 1362 948 1420 summitate
975 1377 1241 1418 careeres
1269 1369 1456 1428 erant,
1485 1377 1516 1414 e
1543 1357 1758 1434 quibus
1788 1359 1921 1434 equi
1948 1359 2213 1419 curribus
2241 1360 2435 1437 juncti
2462 1361 2539 1420 ad
2570 1381 2807 1422 cursum

611 1451 1048 1526 emittebantur,
1075 1466 1156 1525 et,
1183 1475 1320 1514 cum
1349 1453 1422 1514 ad
1456 1473 1747 1513 summum
1778 1453 2181 1528 devenissent,
2208 1458 2677 1531 revolvebantur,
2706 1458 2811 1517 do·

611 1574 722 1614 nec
770 1553 846 1613 ad
891 1553 1140 1632 priorem
1185 1561 1402 1611 metam
1445 1553 1833 1631 pervenirent.
1916 1552 1970 1610 A
2012 1551 2299 1620 curribus,
2346 1553 2461 1613 hoc
2490 1567 2604 1626 est,
2630 1555 2807 1634 bigis,

609 1651 802 1729 trigis,
846 1659 909 1709 et
949 1648 1274 1728 quadrigis,
1303 1648 1553 1706 Curules
1595 1645 1743 1706 Ludi
1788 1645 1952 1706 dicti.
2038 1645 2211 1705 Unde
2238 1647 2415 1706 etiam
2442 1648 2637 1709 dictos
2659 1663 2807 1731 puto

614 1747 820 1807 aediles
871 1745 1128 1816 curules,
1175 1743 1338 1822 quod
1383 1743 1454 1802 iis
1503 1742 1991 1806 administrandis
2038 1753 2241 1802 essent
2286 1743 2549 1822 praefecti
2574 1765 2590 1804 ε
2641 1756 2813 1806 erant

613 1844 771 1902 enim
799 1844 1057 1902 omnium
1087 1839 1556 1920 praestantissimi
1585 1839 1758 1899 Ludi.
1844 1840 1999 1899 Nam
2036 1841 2097 1899 in
2150 1839 2219 1899 iis
2261 1858 2327 1900 se
2370 1842 2705 1913 exercebat,
2750 1853 2813 1903 et

613 1939 844 2018 mag-nis
891 1937 1147 2017 praemiis
1197 1934 1598 1995 contendebat
1646 1935 2012 1996 nobilissima
2058 1936 2463 1996 Romanorum
2502 1937 2809 2017 juventus,

615 2037 920 2116 aptiorque
949 2033 1026 2092 ad
1055 2031 1276 2093 bellum
1305 2029 1680 2091 reddebatur.
1766 2031 2017 2091 Fiebant
2054 2033 2305 2110 primurn
2348 2033 2507 2112 apud
2538 2035 2809 2111 antiquos

613 2133 764 2191 inter
792 2149 967 2190 enses
995 2140 1057 2188 et
1082 2128 1344 2198 flumina,
1376 2139 1443 2186 ut
1470 2127 1544 2185 ab
1569 2135 1819 2206 utraque
1859 2137 2027 2207 parte
2068 2137 2229 2186 esset
2266 2128 2517 2207 ignaviae
2544 2147 2809 2209 praesens

613 2227 957 2306 perieulum.

697 2325 1033 2402 Agitatores
1065 2320 1206 2379 dicti
1236 2329 1376 2379 sunt
1401 2319 1623 2397 aurigae
1652 2318 1711 2376 in
1742 2318 1947 2377 Curuli
1976 2318 2310 2378 Certamine
2350 2328 2414 2378 et
2455 2319 2637 2379 Ludis
2684 2321 2812 2382 Cir-

615 2422 911 2490 censibus,
953 2437 1200 2498 quorum
1251 2417 1537 2475 factiones
1584 2425 1755 2474 erant
1794 2433 1831 2473 a
1874 2415 2201 2474 tunicarum
2242 2415 2577 2476 coloribus:
2622 2427 2686 2477 ut
2716 2417 2813 2476 alii

615 2518 951 2577 dicerentur
995 2515 1258 2584 Russati,
1308 2513 1526 2583 Albati,
1569 2511 1825 2583 Prasini,
1855 2497 2109 2578 Veneti:
2155 2521 2333 2589 atque
2362 2511 2447 2570 ita
2470 2511 2811 2572 insistentes

617 2614 884 2674 curribus
919 2612 1190 2690 juvenes,
1235 2610 1546 2670 velocitate
1589 2627 1895 2688 equorum,
1939 2617 2041 2666 aut
2080 2607 2434 2686 agitatorum
2466 2617 2591 2668 arte
2618 2610 2812 2670 trahe-

617 2711 851 2769 bantur.

701 2807 883 2867 Erant
911 2815 970 2866 et
999 2805 1350 2870 desultores,
1393 2801 1496 2879 qui
1524 2799 1678 2859 duos
1708 2819 1894 2878 equos
1920 2801 2147 2879 absque
2176 2797 2466 2878 ephippiis
2495 2798 2813 2877 agitantes,

619 2923 692 2963 ex
721 2903 904 2963 altero
933 2903 990 2960 in
1023 2902 1266 2961 alterum
1299 2898 1550 2959 subinde
1578 2897 1725 2956 mira
1750 2897 2099 2977 pernicitate
2130 2894 2513 2955 desiliebant:
2544 2896 2812 2974 amphip-

615 3019 726 3080 pos
757 2999 952 3058 Graeci
985 3007 1218 3057 vocant.
1307 2995 1466 3054 Hinc
1495 2993 1821 3052 desultoria
1867 2992 2079 3052 levitas
2122 2991 2183 3048 in
2232 2989 2600 3070 proverbium
2628 2990 2811 3050 abiit:

618 3108 678 3156 et
703 3098 838 3175 equi
868 3095 1172 3154 desultorii
1203 3093 1366 3160 dicti,
1397 3092 1474 3150 ad
1503 3089 1562 3148 id
1589 3101 1885 3149 certamen
1918 3086 2368 3148 accommodati.

698 3192 936 3250 Celetes
963 3200 1024 3248 et
1048 3188 1450 3256 celetizontes,
1485 3183 1717 3260 equites
1746 3192 1917 3242 erant
1962 3183 2021 3240 in
2067 3181 2400 3242 Certamine
2440 3182 2647 3242 Curuli
2692 3203 2811 3242 non

615 3287 773 3367 bigis
801 3295 903 3345 aut
927 3281 1230 3362 quadrigis
1261 3290 1519 3348 utentes,
1569 3277 1680 3336 sed
1722 3295 1881 3356 equo
1908 3297 2029 3336 uno
2071 3275 2440 3338 insidentes:
2482 3279 2815 3358 cujusmodi

615 3394 912 3445 certarnen
939 3379 1118 3439 hodie
1145 3397 1380 3456 quoque
1411 3374 1711 3435 nonnullis
1737 3374 1799 3432 in
1825 3374 1973 3433 locis
1998 3374 2347 3433 celebratur.

701 3478 848 3537 Ludi
878 3475 1208 3556 gladiatorii
1234 3475 1578 3552 plerumque
1608 3479 1747 3549 post
1775 3469 2057 3530 Scenicos
2084 3470 2328 3529 fiebant.
2415 3470 2481 3528 In
2512 3470 2582 3530 iis
2612 3469 2814 3530 decer-

617 3576 826 3636 tabant
869 3571 1106 3652 gladiis,
1146 3569 1550 3651 populumque
1591 3565 1769 3626 celeri
1812 3565 2133 3644 agitatione
2175 3563 2506 3643 gladiorum
2550 3566 2812 3626 oblecta-

617 3673 782 3731 bant.
865 3667 1275 3728 Gladiatorum
1328 3675 1524 3724 autem
1572 3681 1809 3742 genera,
1863 3662 2123 3732 Retiarii,
2172 3664 2511 3735 Senatores,
2563 3662 2813 3722 Mirmil-

618 3767 809 3840 lones,
838 3762 1255 3844 Hoplomacbi,
1283 3761 1578 3820 Thraces:
1619 3778 1871 3838 quorum
1898 3757 2168 3838 exempla
2196 3757 2357 3839 apud
2388 3767 2657 3818 auctores
2686 3777 2815 3818 cre-

616 3863 724 3923 bra
770 3872 927 3923 sunt.
1027 3859 1256 3919 Horum
1299 3857 1667 3917 institutores
1716 3875 1787 3916 ac
1828 3855 2095 3934 magistri
2142 3855 2379 3916 lanistas
2427 3855 2811 3914 vocabantur.

620 3953 757 4019 Non
785 3958 939 4019 enirn
973 3950 1176 4035 ignari
1225 3954 1590 4034 gladiatoriae
1635 3953 1776 4011 artis
1819 3951 2137 4032 prodibant
2162 3951 2223 4010 in
2254 3949 2547 4029 publicum
2579 3959 2814 4027 specta·

619 4056 837 4126 culum,
882 4054 958 4113 ad
1008 4052 1250 4133 praemia
1277 4049 1719 4128 consequenda.
1810 4049 2021 4127 Itaque
2050 4047 2209 4126 apud
2239 4046 2489 4107 lanistas
2516 4045 2681 4122 prius
2710 4063 2811 4102 ex-

619 4152 970 4210 ercebantur
995 4151 1052 4208 in
1083 4147 1488 4208 umbratilibus
1534 4146 1773 4224 pugnis,
1816 4163 1966 4221 quas
1997 4141 2385 4204 sciamacbias
2410 4141 2607 4200 Groeci
2636 4159 2811 4200 voca·

621 4257 786 4307 runt:
815 4235 1342 4326 quod'bujusrnodi
1371 4261 1590 4324 pugne
1622 4240 1936 4301 simulacra
1964 4244 2253 4310 subtecto
2272 4238 2397 4298 fieri
2426 4237 2813 4330 scinderant,
