3234 4934
1167 404 1265 453 nu
1313 405 1596 456 marnis
1644 406 1967 457 comicis.
2526 390 2660 459 283

477 547 748 610 omnibus
777 546 1021 627 syllabis
1049 546 1108 605 in
1133 548 1346 627 quibus
1377 547 1727 628 synaloepha
1752 546 1847 607 vel
1876 546 2180 627 ecthlipsis
2209 546 2559 627 neglig-itum
2598 560 2661 609 et

477 660 901 721 nonnunquam
943 644 1018 702 iis
1063 644 1238 703 etiam
1285 644 1534 723 syllabis
1555 662 1807 723 quarum
1842 642 2146 722 quantitas
2190 643 2385 703 minus
2420 645 2661 723 cog-nita

475 746 608 797 est.
649 756 688 797 o
713 738 890 797 etiam
918 737 1096 799 finale
1120 739 1448 811 verborum,
1492 748 1560 797 ut
1586 756 1895 818 puerorum
1923 736 2265 816 praejudicio
2300 748 2657 810 occurratur,

475 832 576 911 qui
601 833 944 913 plerumque
968 852 1076 913 pro
1103 843 1372 912 correpto
1398 832 1614 892 habere
1641 834 1854 905 solent,
1881 851 2017 891 cum
2043 832 2103 890 in
2133 830 2193 889 id
2222 842 2505 893 accentus
2534 851 2660 891 me-

471 927 653 987 tricus
681 927 862 1001 cadit,
905 937 1154 988 accentu
1198 928 1380 1007 longo
1421 928 1669 987 notavi.
1708 927 1809 986 ubi
1847 946 1985 987 vero
2013 926 2075 985 in
2103 946 2249 987 voce
2278 925 2479 1006 aliqua
2502 929 2656 987 bmae

473 1020 762 1100 syllabae
747 1040 808 1079 tn
835 1040 1014 1080 unam
1055 1021 1502 1091 contrabuntur,
1532 1022 1595 1080 id
1622 1020 1806 1081 literis
1834 1022 2083 1100 margini
2113 1021 2396 1101 appositis
2427 1041 2657 1101 semper

469 1116 724 1177 ostendi.
807 1116 905 1175 Ad
944 1116 1098 1190 haec,
1145 1136 1281 1177 cum
1309 1134 1470 1197 soepe
1495 1116 1602 1176 fiat
1628 1127 1697 1177 ut
1723 1126 1971 1176 metrum
2002 1136 2108 1176 seu
2136 1114 2397 1177 &cn-obla
2380 1138 2441 1175 m
2470 1117 2654 1196 pedes

467 1210 716 1271 diversis
743 1211 934 1271 modis
960 1212 1172 1272 resolvi
1201 1211 1412 1292 possit,
1437 1232 1470 1271 e
1495 1212 1710 1291 quibus
1756 1212 1856 1272 ille
1896 1212 2205 1291 eligendus
2244 1213 2347 1291 qui
2374 1212 2652 1292 legitimae

466 1306 928 1385 pronuntiationi
953 1306 1190 1366 minime
1215 1307 1418 1378 officit,
1446 1326 1840 1385 numerosque
1880 1307 2116 1367 minime
2142 1326 2390 1367 son-oros
2418 1306 2651 1377 reddit;

466 1400 759 1480 ejusmodi
798 1410 984 1461 metra
1010 1400 1124 1463 hac
1151 1412 1295 1461 nota
1329 1434 1356 1447 -
1391 1401 1452 1459 in
1479 1400 1665 1482 pedes
1692 1421 1835 1463 suos
1864 1401 2124 1461 distinxi.
2209 1401 2371 1459 Nihil
2398 1402 2652 1482 denique

465 1497 748 1557 omissum
777 1507 890 1570 est,
937 1497 1098 1576 quod
1147 1497 1484 1577 excogitare
1531 1497 1721 1575 potui,
1764 1506 1831 1557 ut
1874 1498 2043 1557 metri
2070 1497 2406 1558 Terentiani
2432 1498 2651 1559 intelli-

465 1592 667 1669 gentia
693 1591 970 1653 facillima
995 1592 1357 1665 redderetur,
1385 1602 1448 1653 et
1474 1592 1548 1652 ad
1579 1593 1837 1653 tironum
1877 1602 2116 1673 captum
2146 1612 2388 1673 prorsus
2417 1612 2651 1655 accom-

463 1685 721 1748 modata.
806 1689 960 1749 Cum
982 1708 1120 1750 vero
1146 1706 1353 1750 versus
1379 1689 1586 1749 comici
1634 1689 1711 1749 ad
1754 1690 1923 1749 tibias
1966 1699 2334 1761 canerentur,
2380 1699 2650 1768 superest

462 1792 530 1843 ut
555 1781 630 1843 de
657 1784 730 1843 iis
757 1802 950 1863 pauca
974 1783 1248 1863 quoedam
1293 1786 1506 1857 dicam,
1533 1805 1671 1864 quse
1700 1785 1845 1845 satis
1876 1784 1997 1845 sint.
2021 1784 2099 1843 ad
2128 1783 2517 1864 intelligenda
2542 1784 2648 1843 illa

460 1897 596 1956 quae
623 1880 683 1938 in
709 1880 1064 1941 Fabularum
1083 1880 1291 1941 harum
1317 1880 1500 1939 titulis
1527 1880 1840 1939 habentur.

543 1972 638 2033 De
663 1974 755 2033 his
783 1974 954 2035 multi
981 1975 1169 2034 multa
1193 1986 1257 2035 et
1279 1976 1456 2035 valde
1485 1974 1750 2042 diversa:
1796 1993 1929 2053 quoe
1952 1993 2029 2033 ne
2054 1993 2357 2034 recensere
2385 1972 2645 2053 quidem,

459 2067 678 2129 nedum
705 2080 977 2129 excutere
1005 2069 1098 2129 vel
1138 2070 1320 2129 otium
1358 2080 1453 2130 est
1491 2068 1586 2129 vel
1629 2069 1881 2129 animus.
1963 2068 2219 2128 Constat
2250 2068 2409 2147 apud
2438 2088 2644 2129 omnes

459 2164 659 2244 primis
688 2164 1045 2243 temporibus
1073 2163 1248 2224 tibias
1278 2184 1352 2224 ex
1381 2164 1671 2224 arundine
1698 2164 1916 2232 suisse3
1960 2183 2089 2225 eam
2118 2182 2277 2234 ver0,
2306 2183 2441 2243 quoe
2474 2164 2644 2227 radi-

461 2276 588 2318 cem
617 2270 1040 2328 antecesserat,
1067 2260 1236 2320 laevae
1265 2259 1425 2320 tibiae
1474 2258 1827 2327 convenirez
1870 2278 2005 2337 quae
2051 2277 2355 2331 cacumen,
2396 2256 2641 2331 dextrae,

455 2354 644 2434 inquit
671 2354 896 2415 Plinius
938 2356 978 2414 l.
1011 2372 1158 2415 xvr.
1204 2373 1258 2414 c.
1291 2356 1390 2414 36.
1434 2374 1508 2414 ex
1551 2353 1986 2434 Theophrasto,
2020 2355 2193 2433 cujus
2238 2356 2419 2413 verba
2457 2363 2638 2415 sunt:

453 2452 508 2510 T
507 2456 578 2522 ἣν
618 2451 726 2529 μὲν
771 2452 904 2529 πρὸς
948 2456 1018 2533 τῇ
1063 2450 1196 2533 ρίἓῃ
1242 2452 1544 2529 ἀριστερὰν
1588 2448 1755 2523 εἶναι,
1802 2456 1905 2523 τὴν
1930 2449 1995 2510 δὲ
2023 2450 2155 2527 πρὸς
2181 2451 2308 2509 τούς
2331 2448 2641 2525 βλαστοῦς,

453 2544 676 2619 &Eadm
719 2566 792 2605 ex
830 2546 924 2605 his
968 2556 1164 2607 autem
1204 2545 1472 2606 dextram
1521 2548 1845 2625 graviorem
1894 2566 2106 2607 sonum
2130 2544 2391 2606 edidisse
2420 2546 2637 2625 saepius

455 2662 492 2701 a
521 2642 760 2703 Donato
788 2642 1008 2704 dictum
1042 2654 1166 2713 est3
1197 2642 1358 2722 quod
1388 2642 1486 2702 isti
1512 2643 1671 2703 tibiae
1709 2644 2080 2715 convenisse,
2121 2662 2256 2721 quae
2299 2643 2636 2721 angustiore

451 2748 610 2799 esset
643 2737 948 2812 foramine,
985 2737 1246 2800 ostendit
1288 2738 1374 2799 vir
1421 2740 1648 2799 clariss.
1704 2741 1874 2800 Isaac
1899 2740 2149 2800 Vossius
2176 2737 2637 2817 injelegantissi-

453 2850 550 2893 mo
577 2832 802 2895 Libello
831 2834 907 2895 de
927 2835 1166 2896 Viribus
1193 2834 1478 2915 Rhythmi
1503 2854 1563 2915 p.
1597 2838 1735 2897 111.
1762 2855 1836 2896 ex
1857 2836 1972 2895 hoc
2000 2833 2214 2894 AEliani
2237 2835 2392 2907 loco,
2412 2833 2634 2911 quiex-

450 2938 540 2989 tat
579 2929 740 3008 apud
766 2930 1153 3010 Porphyrium
1183 2932 1246 2991 in
1276 2931 1765 3012 Hypomnematis
1794 2931 1871 2991 ad
1899 2928 2259 2991 Harmonica
2283 2927 2590 2988 Ptolemaei
2616 2948 2634 2989 ι

449 3024 576 3084 Eas·
619 3023 778 3107 λάβῃ
820 3050 900 3085 τις
943 3024 1042 3085 δύο
1088 3024 1311 3096 αὖλοῦς,
1359 3034 1472 3086 τοῖς
1513 3028 1625 3105 μὲν
1669 3029 1903 3104 μήκεσιν
1934 3026 2109 3095 ἴσους,
2135 3033 2255 3083 ταῖς
2282 3021 2347 3082 δὲ
2374 3024 2631 3101 εὐρῦτησι

448 3131 560 3180 τῶν
584 3124 805 3181 κοιλιῶν
831 3118 1210 3202 διαφέροντας,
1260 3124 1507 3197 καθάπερ
1547 3122 1784 3201 ἔχουσιν
1824 3120 1879 3178 οἶ
1918 3119 2145 3197 Φρύγιοι
2184 3118 2317 3195 πρὸς
2354 3114 2477 3177 τοῦς
2500 3118 2634 3177 Ἐλ-

448 3214 723 3290 ληνικοῦς,
769 3219 989 3297 εὑρήσει
1042 3220 1445 3297 παραπλησίως
1485 3216 1548 3275 τὸ
1603 3219 1946 3293 εὐρνκοίλςον
2000 3214 2253 3291 ὄξῦπρον
2303 3218 2632 3291 προϊέμενον

445 3317 704 3394 φθόγγον
739 3321 838 3374 τοῦ
882 3317 1270 3374 στενοκοιλίον.
1350 3311 1689 3391 θεωροῢμὲν
1728 3318 1803 3388 γέ
1841 3336 1925 3371 τοι
1962 3311 2088 3371 τούς
2110 3308 2377 3388 Φρυγίους
2404 3332 2631 3370 crevens

445 3420 566 3469 ταῖς
589 3416 822 3472 κοιλίαις
865 3411 1048 3483 ὄντας,
1099 3413 1191 3469 καὶ
1235 3412 1430 3490 πολλᾷ
1473 3406 1813 3487 βαρυτέρους
1858 3408 2035 3489 ἤχους
2060 3404 2489 3484 προβάλλοντας
2514 3414 2628 3465 νῦν

434 3504 804 3681 Ελέἔνειιῖιῖ
804 3599 881 3663 de
907 3602 1135 3664 Tibiis
1119 3624 1179 3663 m
1207 3602 1394 3664 titulis
1424 3600 1588 3664 dicta
1632 3608 1793 3677 sunt,
1832 3598 2007 3679 juxta
2050 3596 2381 3658 fabularum
2418 3592 2626 3655 seriem

443 3694 530 3755 sic
559 3712 624 3755 se
651 3694 906 3755 habent:

761 3838 791 3897 1
1477 3842 1517 3899 2
2225 3836 2264 3897 3

2013 3932 2168 3993 Acta
2190 3931 2440 4011 primum

517 4029 697 4090 Tibiis
721 4028 959 4109 paribus
1271 4029 1448 4091 Tibiis
1476 4028 1709 4091 duabus
1947 4028 2128 4087 Tibiis
2155 4028 2497 4106 imparibus,

436 4122 653 4187 dextris
681 4137 744 4188 et
769 4125 1040 4186 sinistris.
1364 4124 1610 4188 dextris.
1873 4123 2088 4185 deinde
2113 4122 2345 4181 duabus
2374 4118 2618 4185 dextris.
