3234 4934
1258 441 1354 490 nss
1403 443 1502 488 'ru
1515 442 1783 490 nsi-rno-
2525 427 2615 492 69

419 604 541 644 non
567 593 636 644 ut
663 604 802 644 vera
837 604 1058 665 pugna,
1103 587 1168 645 in
1207 586 1332 646 sole
1359 597 1422 646 et
1447 586 1709 666 pulvere.
1796 585 2153 664 Hujusmodi
2195 585 2427 646 lanistre
2470 599 2613 646 sunt

421 680 578 762 apud
607 701 738 752 noS,
779 683 880 760 qui
923 682 1228 761 gladiandi
1273 693 1456 744 artem
1497 673 1767 764 privatim
1818 684 2202 761 profitentur:
2248 683 2349 760 qui
2394 681 2612 744 docent

417 796 622 838 omnes
651 798 920 838 numeros
949 779 1288 858 impetendi,
1319 779 1711 858 credendique,
1740 779 1983 839 vulnera
2010 778 2321 850 inferendi,
2348 779 2606 838 vitandi-

419 893 556 952 que,
591 885 696 934 aut
720 876 820 934 ubi
864 877 1128 954 punctim
1157 877 1434 936 coesimve
1461 876 1807 936 feriendum.
1892 874 2041 934 Ludi
2068 895 2207 936 vero
2234 876 2485 948 Scenici,
2512 877 2615 955 qui

420 984 480 1056 et
521 971 763 1050 Agones
811 971 1028 1032 Musici
1073 985 1134 1031 et
1184 972 1527 1052 Dionysiaci
1573 971 1943 1044 dicebantur,
1992 973 2160 1052 quasi
2210 973 2417 1033 Libero
2462 975 2617 1054 patri

421 1066 619 1139 dicati,
645 1067 722 1126 ad
747 1068 1208 1140 Comoediarum,
1228 1067 1693 1148 Tragoediarum,
1732 1081 1835 1128 aut
1864 1069 2185 1129 Satirarum
2214 1069 2615 1130 recitationem

418 1164 823 1244 pertinebant:
867 1165 1004 1224 item
1034 1164 1112 1224 ad
1139 1176 1349 1225 cantus
1380 1173 1441 1225 et
1483 1166 1793 1244 poemata:
1841 1183 2019 1224 scena
2062 1167 2139 1224 ob
2186 1165 2244 1224 id
2295 1167 2353 1224 in
2382 1165 2613 1226 theatro

419 1261 750 1339 composita
795 1272 974 1341 atque
1023 1273 1324 1322 exstructa
1371 1277 1442 1322 ea
1487 1263 1735 1332 ratione,
1784 1280 1961 1340 quam
2012 1281 2147 1321 mox
2190 1261 2612 1323 describemus.

421 1357 540 1426 Qui
569 1378 634 1417 se
663 1358 723 1416 in
751 1357 843 1416 his
875 1357 1054 1417 Ludis
1085 1359 1454 1428 exercebant,
1499 1357 1719 1418 scenici
1750 1358 1926 1417 etiam
1956 1357 2321 1428 dicebantur,
2362 1367 2425 1418 et
2467 1358 2613 1417 Dio-

415 1453 644 1529 nysiaci
693 1454 966 1513 artifices.
1051 1453 1348 1513 Ludorum
1386 1465 1490 1512 aut
1529 1453 1932 1513 Certaminum
1978 1453 2109 1512 Diis
2135 1463 2611 1514 consecratorum

418 1559 672 1628 quatuor
698 1561 868 1608 erant
893 1549 1052 1630 apud
1085 1548 1330 1610 Graecos
1361 1559 1602 1628 genera.
1674 1550 1858 1610 Erant
1886 1548 2041 1609 enim
2076 1549 2318 1619 Nemea,
2350 1547 2613 1620 Isthmia,

418 1645 654 1725 Pythia,
699 1659 760 1708 et
801 1645 1116 1727 Olympia:
1159 1666 1296 1726 quse
1325 1647 1586 1706 omniurn
1613 1658 1783 1706 erant
1808 1645 2067 1730 maxima
2094 1646 2459 1724 spectacula.
2544 1647 2613 1704 In

417 1742 505 1802 his
535 1742 718 1803 Ludis
747 1745 1226 1822 proponebantur
1253 1743 1573 1803 victoribus
1615 1761 1835 1822 magna
1878 1742 2141 1820 praemia,
2186 1763 2323 1821 quae
2348 1742 2451 1820 qui
2478 1761 2615 1802 cus·

416 1839 742 1912 todiebant,
785 1840 1082 1919 Ludisque
1111 1851 1424 1919 praeerant,
1450 1837 1769 1914 βραβευταὶ
1797 1839 2049 1910 Graeeis,
2081 1839 2303 1898 Latinis
2330 1838 2611 1919 designa·

415 1945 572 1996 tores
607 1935 1077 2014 appellabantur,
1119 1955 1370 2014 quorum
1399 1935 1661 1994 officium
1688 1946 1835 2002 erat,
1878 1933 2313 1995 multitudinem
2341 1936 2611 2004 retinere,

416 2031 818 2102 obambulare,
859 2046 920 2090 et
967 2043 1334 2110 spectatores
1379 2029 1668 2088 moderari
1712 2031 2007 2108 virgarum
2058 2029 2351 2089 terricu10.
2439 2029 2614 2089 Unde

415 2125 832 2204 mastigonomi
877 2136 957 2189 et.
985 2127 1311 2187 rhabducbi
1339 2121 1516 2186 etiam
1546 2125 1709 2197 dicti,
1752 2125 1911 2203 quod
1941 2125 2137 2203 virgas
2179 2134 2501 2203 gestarent,
2546 2134 2615 2182 ut

415 2222 474 2284 in
502 2223 696 2282 officio
723 2222 1096 2283 continerent
1123 2233 1506 2304 spectatores.
1587 2221 1839 2281 Musicis
1868 2240 2105 2300 quoque
2134 2221 2425 2300 agonibus
2446 2228 2615 2282 erant

415 2319 602 2390 eritne,
643 2319 706 2378 id
743 2327 855 2392 est,
895 2318 1156 2399 judices,
1190 2339 1227 2379 a
1254 2320 1469 2398 quibus
1499 2318 1701 2389 critici,
1742 2317 1803 2376 id
1848 2327 1960 2389 est,
2002 2319 2341 2396 poematum
2379 2317 2612 2396 judices

415 2416 558 2477 dicti
590 2431 748 2479 sunt.
840 2419 1160 2489 Ludorum,
1204 2417 1304 2495 qui
1352 2415 1480 2475 Diis
1522 2414 2047 2485 consecrabantur,
2094 2411 2255 2492 apud
2307 2413 2611 2474 Romanos

415 2525 668 2593 quatuor
695 2515 1142 2595 erant-species.
1228 2508 1346 2571 Eos
1378 2511 1578 2570 Ludos
1607 2509 1817 2570 aediles
1842 2509 2077 2568 curules
2104 2529 2345 2569 munere
2373 2509 2610 2588 publico

416 2612 734 2688 quotannis
782 2614 1090 2672 curabant.
1175 2609 1577 2688 Meg-aienses,
1615 2609 1741 2666 sive
1790 2607 2001 2684 Magni
2050 2605 2199 2665 Ludi
2244 2605 2406 2677 dicti,
2448 2604 2610 2685 quod

413 2708 646 2788 magnis
675 2707 808 2768 Diis
835 2706 1164 2766 consecrati
1209 2716 1454 2766 essent:
1497 2705 1714 2786 quibus
1768 2703 1953 2762 Ludis
1999 2713 2251 2780 quatuor
2294 2715 2445 2763 actae
2474 2715 2613 2764 sunt

409 2805 666 2866 Terentii
723 2804 1090 2864 Comoedioe:
1165 2801 1408 2873 Andria,
1467 2801 1813 2871 Eunuchus,
1883 2800 2607 2884 Heautontimorumenos„

415 2903 671 2980 Hecyra.
757 2903 1081 2969 Funebres,
1121 2911 1224 2958 aut
1251 2896 1574 2956 Funerales
1607 2895 1779 2966 Ludi,
1824 2895 1901 2954 ad
1932 2895 2299 2955 retinendum
2324 2897 2611 2976 populum

413 2998 668 3057 instituti
715 3007 876 3068 sunt,
917 2995 1060 3054 dum
1109 3013 1328 3072 pompa
1379 2992 1624 3061 funeris,
1666 2990 1907 3048 decreta
1952 2989 2013 3046 in
2058 2989 2338 3048 honorem
2386 2993 2611 3067 patricii

413 3093 540 3164 viri,
582 3092 754 3172 plene
783 3109 854 3152 ao
882 3089 1113 3170 publice
1140 3087 1555 3149 instruebatur.
1644 3085 1755 3143 His
1803 3083 1984 3143 Ludis
2020 3095 2155 3143 acta
2180 3095 2273 3142 est
2304 3084 2613 3147 Comoedia

414 3189 672 3250 Terentii
701 3186 978 3268 Adelphi.
1064 3184 1310 3254 Plebeii,
1337 3183 1460 3242 sive
1509 3179 1761 3241 Romani
1816 3179 1987 3252 Ludi,
2035 3198 2141 3257 pro
2191 3179 2381 3240 salute
2425 3180 2610 3259 plebis

411 3288 780 3348 edebantur:
837 3284 1054 3364 quibus
1101 3281 1284 3342 Ludis
1331 3290 1468 3340 acta
1507 3291 1604 3338 est
1646 3277 1938 3336 Phormio.
2024 3275 2397 3354 Apollinares
2442 3279 2609 3355 Ludi,

413 3383 672 3466 Apollini
701 3381 1052 3452 consecrati,
1084 3391 1190 3440 aut
1215 3379 1273 3438 in
1307 3378 1588 3438 honorem
1617 3373 1909 3453 Apollinis
1938 3373 2209 3432 instituti.

576 3561 686 3621 DE
725 3557 1134 3620 THEATRIS
1179 3557 1278 3616 ET
1315 3551 1995 3615 AMPHITHEATRIS
2037 3546 2445 3615 ANTIQUIS.

495 3687 630 3755 Quo
661 3685 870 3746 melius
913 3696 974 3746 et
1013 3685 1380 3746 commodius
1427 3693 1835 3764 spectarentur
1878 3678 2221 3748 Comoediae,
2252 3674 2603 3755 Tragoedioe,

412 3793 516 3844 aut
545 3781 713 3853 Ludi,
745 3781 869 3841 sive
895 3781 934 3840 ii
959 3780 1331 3852 Gladiatorii,
1354 3783 1476 3841 sive
1503 3781 1679 3840 etiam
1711 3779 1963 3849 Sceuici‚
1986 3776 2077 3836 vel
2102 3776 2345 3835 alterius
2374 3769 2603 3850 generis

409 3890 633 3952 essent,
661 3878 931 3937 instituta
959 3890 1100 3937 sunt
1127 3879 1202 3937 ab
1230 3879 1509 3958 antiquis,
1538 3895 1673 3954 quoe
1694 3875 1951 3933 Theatra
1974 3872 2353 3938 vocabantur,
2378 3886 2415 3926 a
2442 3885 2605 3924 corn-

411 3978 587 4038 mode
614 3975 870 4037 videndo
898 3995 970 4035 ac
1009 3974 1422 4054 prospiciendo
1453 3976 1535 4033 sic
1567 3971 1887 4051 appellata.
1972 3967 2125 4027 Nam
2157 3979 2297 4026 ante
2320 3964 2605 4022 Theatro-

409 4095 534 4136 rum
567 4093 763 4146 usum,
791 4093 991 4132 scenae
1019 4081 1197 4150 super
1223 4070 1502 4150 plaustris
1531 4067 1853 4128 ductilibus
1882 4062 2359 4146 exstruebantur,
2398 4077 2469 4117 ac
2501 4077 2605 4137 per

412 4171 670 4251 compita
695 4170 918 4242 ducto,
945 4167 1168 4248 populo
1193 4167 1540 4247 praebebant
1565 4163 2041 4224 oblectationem.
2123 4155 2382 4214 Theatra
2408 4164 2601 4214 autem

411 4281 578 4329 erant
603 4267 877 4343 aedificia,
917 4265 1012 4328 vel
1041 4272 1358 4347 apparatus
1389 4263 1446 4323 in
1479 4259 1681 4342 populi
1710 4257 1957 4339 gratiam
1987 4251 2274 4324 instructi,
2310 4250 2389 4310 ad
2420 4249 2604 4310 hemi-
