3234 4934
575 413 668 478 72
1415 425 1508 473 ns
1553 422 1939 472 ‘rnna-rso.

577 572 774 632 minus
797 568 1185 649 probaverim.
1267 565 1502 626 Gradus
1531 575 1728 626 autern
1758 564 2105 626 dicebantur
2132 567 2189 625 in
2220 565 2348 645 ipsa
2376 566 2587 626 leniter
2622 585 2767 644 pen-

577 668 758 728 dente
785 667 1022 726 Theatri
1051 665 1258 736 forma,
1288 663 1461 724 sedes
1487 661 1761 742 lapideae,
1800 663 1861 721 in
1890 662 2277 743 hemicyclum
2304 664 2478 722 etiam
2504 673 2771 724 exstruc-

577 775 678 836 ιω,
703 785 738 823 e
763 765 978 842 quibus
1005 761 1313 824 commode
1339 761 1737 840 prospiciebat
1760 760 2039 839 populus.
2124 761 2203 818 Su
2213 779 2315 839 per
2358 759 2449 818 his
2488 759 2769 839 gradibus

545 865 751 939 (quos
799 879 918 920 non
964 857 1216 938 amplius
1263 857 1602 935 quindecim
1646 877 1780 917 esse
1807 857 2194 935 conjecimus)
2222 857 2509 917 sedebant
2536 868 2770 935 specta·-

579 967 752 1026 tores‚
795 966 856 1016 et
883 953 960 1014 ad
987 973 1092 1016 eos
1136 953 1550 1032 undecumque
1597 955 2027 1023 commeabant,
2079 952 2243 1012 nullo
2292 951 2443 1012 inter
2482 972 2773 1014 conscen-

577 1052 837 1111 dendum
865 1051 1032 1112 alteri
1071 1069 1285 1110 noxam
1315 1049 1614 1111 afferente.
1702 1050 1853 1109 llluc
1896 1059 2093 1110 autem
2142 1067 2243 1128 per
2270 1067 2494 1110 cuneos
2522 1050 2771 1110 accede-

576 1150 742 1221 bant,
788 1148 890 1228 qui
917 1158 1040 1208 tum
1068 1148 1129 1206 in
1153 1150 1270 1208 ima
1297 1147 1532 1207 Theatri
1561 1166 1768 1217 cavea,
1798 1157 1925 1206 tum
1950 1147 2125 1207 etiam
2157 1163 2333 1226 supra
2362 1147 2572 1225 ipsam,
2616 1145 2769 1207 adeo

575 1245 884 1324 ingeniose
910 1245 1260 1304 conformati
1289 1251 1475 1316 erant,
1518 1253 1584 1303 ut
1628 1245 1704 1302 ab
1740 1243 1813 1302 iis
1847 1261 1951 1321 per
1978 1243 2127 1304 alios
2156 1242 2413 1302 scalares
2440 1241 2660 1322 gradus
2688 1241 2769 1302 ad

575 1341 897 1419 quemlibet
941 1341 1188 1421 gradum
1231 1339 1653 1418 spectatorium
1700 1338 1889 1398 facilis
1936 1347 2165 1418 pateret
2190 1356 2493 1398 ascensus.
2576 1339 2767 1398 Cunei

575 1438 1042 1516 spectaculorum
1089 1439 1307 1517 (inquit
1353 1435 1680 1511 Vitruvius)
1730 1436 1787 1493 in
1842 1435 2099 1498 Theatro
2140 1435 2223 1494 ita
2270 1432 2630 1508 dividantur,
2682 1434 2769 1495 uti

575 1534 779 1612 anguli
825 1534 1206 1612 trigonorum,
1255 1535 1356 1612 qui
1399 1543 1645 1593 currunt
1688 1532 1907 1592 circum
1946 1539 2320 1590 curvaturam
2346 1530 2769 1604 circinationis,

576 1627 836 1708 dirigant
861 1649 1169 1702 ascensus,
1214 1629 1524 1707 scalasque
1567 1629 1717 1687 inter
1760 1645 1983 1687 cuneos
2014 1625 2093 1686 ad
2128 1625 2371 1707 primam
2403 1628 2773 1704 proecinctio·

575 1741 730 1785 nem.
813 1725 1006 1804 Supra
1031 1735 1225 1786 autem
1255 1725 1494 1785 alternis
1533 1723 1837 1796 itineribus
1864 1722 2191 1801 superiores
2220 1723 2393 1782 cunei
2422 1720 2599 1782 medii
2628 1723 2771 1783 diri-

575 1831 808 1900 gantur.
891 1821 1102 1894 Cunei,
1146 1821 1204 1879 in
1235 1822 1352 1880 imo
1381 1820 1706 1898 dirigentes
1734 1819 2008 1890 scalaria,
2050 1830 2220 1879 erant
2246 1837 2491 1878 numero
2520 1822 2782 1898 septem.'

575 1917 815 1978 Gradus
841 1917 1334 1998 spectaculorum,
1380 1921 1464 1978 uti
1515 1917 1799 1978 subsellia
1827 1915 2179 1996 composita,
2225 1926 2392 1977 erant
2420 1935 2539 1976 non
2569 1917 2767 1976 minus

575 2012 678 2072 alti
725 2013 924 2093 palmo
967 2012 1140 2094 pede,
1189 2033 1309 2073 non
1348 2014 1481 2092 plus
1511 2013 1664 2092 pede
1692 2024 1755 2072 et
1778 2013 1981 2091 digitis
2010 2031 2136 2084 sex,
2187 2011 2533 2072 latitudines
2562 2029 2764 2072 eorum

575 2121 692 2166 uon
722 2107 855 2188 plus
887 2108 1071 2188 pedes
1101 2108 1252 2168 duos
1284 2109 1484 2181 semis,
1528 2129 1647 2168 non
1694 2109 1888 2168 minus
1932 2109 2117 2190 pedes
2145 2108 2768 2170 duos.constitueban-

573 2213 688 2276 tur,
717 2213 784 2264 ut
810 2223 914 2284 per
943 2205 1002 2264 id
1033 2205 1288 2284 spatium
1313 2205 1512 2277 latius,
1543 2223 1649 2264 seu
1686 2224 1789 2282 per
1818 2205 2220 2264 ambulacrum
2250 2204 2573 2282 quoddam,
2602 2203 2767 2262 nullo

501 2349 504 2352 .
575 2301 837 2378 negotio,
867 2301 983 2361 huc
1009 2313 1185 2379 atque
1205 2301 1366 2371 illuc,
1391 2299 1467 2360 ad
1492 2319 1710 2359 vacuas
1735 2299 1909 2358 sedes
1932 2298 2225 2358 deerraret
2246 2299 2524 2378 populus,
2542 2301 2767 2377 absque

571 2415 775 2455 eorum
808 2396 1203 2466 incommodo,
1247 2397 1348 2474 qui
1389 2395 1514 2473 jam
1543 2395 1977 2454 consedissent.
2060 2394 2207 2452 Post
2232 2403 2351 2453 tres
2380 2413 2617 2472 quoque
2646 2392 2767 2453 sin-

571 2492 746 2570 gulos
773 2493 1016 2572 gradus,
1043 2493 1144 2571 qui
1173 2502 1417 2572 quartus
1447 2492 1506 2550 in
1537 2491 1800 2551 ordinem
1832 2490 2209 2562 succedebat,
2238 2489 2423 2571 duplo
2450 2490 2623 2550 latior
2642 2499 2771 2550 erat

571 2590 804 2660 ceteris,
834 2589 911 2648 ad
939 2589 1216 2648 leviorem
1241 2588 1473 2650 Theatri
1502 2587 1951 2668 proclivitatem,
2001 2599 2065 2647 et
2088 2599 2157 2647 ut
2184 2587 2435 2667 singulis
2462 2585 2767 2647 ordinibus

571 2687 788 2766 singuli
817 2695 932 2746 tres
963 2686 1184 2765 gradus
1215 2686 1701 2766 relinquerentur.
1788 2687 1893 2758 Ac,
1942 2705 2017 2744 ne
2044 2684 2333 2765 petulanti
2362 2694 2466 2744 aut
2490 2683 2769 2744 insolenti

569 2782 810 2863 populo,
841 2793 1080 2862 propter
1107 2781 1282 2842 sedes
1309 2781 1689 2860 quantumvis
1720 2801 1965 2842 accessu
1994 2781 2220 2853 faciles,
2241 2782 2594 2859 proeberetnr
2621 2779 2764 2839 rixae

569 2897 772 2950 causa,
819 2888 1060 2938 cautum
1087 2888 1216 2940 erat
1243 2897 1316 2938 ne
1344 2878 1590 2957 quilibet
1632 2879 1693 2937 in
1734 2877 2095 2957 quibuslibet
2138 2877 2415 2938 sederent
2441 2876 2763 2955 gradibus:

571 2974 678 3035 sed
705 2975 764 3035 in
795 2975 982 3036 tribus
1006 2976 1230 3054 primis,
1261 2975 1362 3054 qui
1391 2974 1639 3054 proximi
1668 2984 1869 3034 essent
1892 2993 2085 3035 scena}
2112 2973 2363 3054 pulpito,
2386 2973 2765 3052 amplissimae

567 3085 628 3134 et
657 3085 936 3134 extremm
965 3073 1268 3152 dignitatis
1297 3074 1420 3144 viri,
1469 3071 1533 3131 in
1569 3073 1955 3151 sequentibus
2000 3071 2365 3142 consulares,
2412 3071 2470 3128 in
2502 3070 2631 3130 aliis
2661 3089 2765 3148 pa·

569 3169 736 3240 tricii,
778 3187 850 3228 ac
893 3167 1172 3246 deinceps
1220 3168 1428 3246 plebeii
1475 3169 1534 3225 in
1579 3169 1819 3246 reliquis
1864 3167 2149 3245 gradibus
2180 3165 2474 3226 sederent.
2558 3167 2767 3242 ltaque

569 3276 796 3325 veteres
825 3263 1149 3335 architecti,
1191 3275 1420 3323 naturae
1451 3262 1703 3340 vestigia
1728 3262 2045 3341 persecuti,
2094 3261 2570 3341 indagationibus
2603 3261 2765 3320 vocis

570 3359 926 3420 scandentes
975 3359 1334 3420 theatrorum
1383 3361 1755 3440 perfecerunt
1799 3357 2199 3438 gradationes,
2254 3367 2315 3417 et
2368 3359 2768 3434 quaesiverunt

567 3455 787 3534 (inquit
813 3455 1140 3532 Vitruvius)
1165 3475 1270 3535 per
1297 3456 1646 3516 canonicam
1676 3454 2239 3526 mathematicorum,
2270 3464 2329 3513 et
2358 3452 2643 3512 musicam
2670 3471 2763 3512 ra·

569 3553 810 3623 tionem,
855 3561 941 3621 ut,
985 3571 1378 3631 quecumque
1423 3570 1539 3612 vox
1585 3553 1649 3612 in
1678 3571 1861 3611 scena
1888 3562 2068 3622 esset,
2098 3551 2307 3610 clarior
2334 3562 2394 3609 et
2422 3549 2657 3610 suavior
2683 3549 2762 3609 ad

567 3659 962 3729 spectatorum
989 3648 1318 3726 perveniret
1343 3667 1513 3709 aures
1537 3669 1554 3717 ς
1599 3669 1694 3720 ac,
1722 3669 1798 3708 ne
1832 3669 1945 3708 vox
1976 3647 2303 3727 impediret,
2344 3647 2429 3707 ita
2454 3647 2765 3728 compositi

569 3753 738 3806 erant
765 3744 1006 3824 gradus,
1053 3755 1120 3806 ut
1167 3744 1342 3820 linea,
1387 3767 1524 3808 cum
1551 3748 1631 3807 ad
1658 3748 1840 3806 imum
1868 3745 2116 3825 gradum
2146 3755 2209 3804 et
2234 3744 2311 3804 ad
2342 3763 2633 3804 summum
2660 3761 2764 3802 ex·-

571 3852 737 3902 tenta
762 3855 941 3914 esset,
993 3843 1190 3903 omnia
1235 3846 1544 3904 cacumina
1571 3843 1861 3923 graduum
1890 3840 2257 3920 angulosque
2284 3847 2573 3918 tangeret.
2656 3839 2765 3897 At-

569 3959 705 4020 que,
755 3951 821 4000 ut
870 3959 980 4000 vox
1011 3939 1274 4002 actorum
1305 3942 1538 4002 suavior
1565 3955 1628 4002 et
1654 3943 1963 4003 delicatior
1990 3939 2419 4021 spectatoribus
2448 3937 2763 4009 videretur,

571 4039 795 4116 antiqui
823 4039 1168 4100 Graecorum
1211 4039 1463 4100 artifices
1493 4041 1645 4100 inter
1672 4039 1847 4100 sedes
1868 4039 2077 4100 theatri
2106 4036 2306 4096 Cellas
2330 4034 2764 4094 constituerunt

572 4131 796 4193 ratione
836 4137 1080 4209 musica,
1123 4137 1182 4196 in
1227 4137 1441 4215 quibus
1483 4153 1625 4196 vasa
1671 4153 1858 4207 aenea,
1909 4154 2013 4214 pro
2062 4132 2289 4192 ratione
2334 4127 2761 4208 magnitudinis

572 4229 810 4289 Theatri
857 4232 1035 4305 sacta,
1081 4231 1557 4301 collocabantur:
1602 4253 1739 4313 quse
1791 4233 1872 4291 ita
1920 4229 2208 4290 fabricata
2254 4237 2444 4297 erant,
2490 4237 2575 4299 ut,
2624 4243 2760 4287 cum
2790 4247 2799 4262 ·
