3234 4934
1068 406 1170 457 ns
1215 403 1518 457 commis
1564 404 1965 457 vnnsrsvs.
2484 392 2614 463 17⁷

408 554 638 624 τάληξιν
665 547 958 609 nominari
982 558 1254 627 oportere
1281 560 1528 629 negant,
1579 548 1689 609 sed
1716 554 2019 621 κατάληξιν
2048 552 2129 609 εἷς
2156 550 2482 625 συλλαβὴν,
2512 561 2615 612 aut

410 650 490 705 eir
517 644 635 705 3250.
723 646 813 704 Ex
841 644 1056 704 Plauto
1100 645 1440 705 Priscianus
1487 644 1745 726 δίμετρον
1788 645 2103 705 iambicum
2145 647 2615 726 ὕπερκαταληκτι-

411 743 512 801 xor
539 760 670 801 esse
693 742 854 801 hunc
882 740 1109 799 voluit:
1916 755 1927 759 ·

811 864 1084 946 Hospitio
1111 864 1438 945 publicitus
1469 864 1746 945 accipiar.

414 1010 508 1072 De
535 1028 654 1089 quo
699 1030 812 1070 nos
863 1008 1156 1082 dubitare,
1207 1028 1404 1089 neque
1451 1008 1612 1069 hanc
1658 1008 2097 1071 distinctionem
2144 1025 2433 1083 servasse,
2478 1020 2617 1071 ante

415 1104 828 1164 indicavimus.

491 1200 1080 1281 Βραχυκαταληκτικός
1111 1200 1351 1273 dicitur,
1378 1220 1514 1262 cum
1543 1211 1674 1260 toto
1718 1200 1871 1280 pede
1899 1200 2171 1262 deficitur
2216 1222 2420 1264 versus
2467 1205 2622 1265 inte-

414 1296 622 1375 gritas.
730 1297 812 1356 Ut
859 1298 909 1357 si
952 1301 1293 1377 μονόμετροε
1340 1299 1436 1369 sit,
1485 1304 1501 1330 ‘
1527 1295 1679 1355 eheu
1726 1296 1915 1369 mihi,’
1960 1296 2445 1377 βραχνκατᾶληξις
2491 1302 2620 1377 erit,

413 1399 431 1425 ‘
453 1390 650 1453 eheu.'
710 1391 1054 1451 Priscianus
1075 1390 1333 1469 θέρετρον
1361 1390 1522 1450 hunc
1543 1391 1745 1451 retulit
1769 1410 1785 1449 ε
1830 1398 1846 1424 ‘
1866 1390 1950 1450 ita
1964 1410 2211 1469 peregre
2238 1392 2558 1454 adveniens
2582 1396 2621 1453 τ’

413 1486 490 1546 de
518 1506 637 1567 quo
667 1506 871 1566 supra.
950 1487 1029 1546 Et
1043 1486 1172 1564 jam
1204 1486 1348 1545 fassi
1393 1503 1617 1558 sumus,
1662 1484 1793 1545 hoec
1838 1504 2034 1564 neque
2061 1488 2377 1560 observari,
2426 1508 2619 1568 neque

414 1581 638 1659 exquiri
667 1583 934 1662 potuisse
963 1602 1000 1641 a
1026 1582 1225 1654 nobis,
1253 1590 1314 1639 et
1337 1580 1502 1640 haud
1534 1580 1659 1641 scio
1689 1600 1767 1641 an
1796 1600 1833 1640 a
1866 1581 2032 1642 nullo
2079 1582 2317 1661 possint
2358 1585 2619 1647 omnium

413 1676 516 1755 qui
544 1696 702 1738 nunc
719 1668 956 1751 ‘vivunt,
999 1678 1062 1735 in
1111 1685 1236 1737 tam
1273 1675 1436 1735 tenui
1485 1676 1738 1735 scientia
1762 1676 2019 1737 musices
2058 1678 2340 1757 antiquoe,
2393 1689 2454 1739 et
2500 1678 2615 1739 hac

409 1770 831 1852 depravatione
859 1772 1283 1853 exemplorum.

495 1867 815 1928 Sciendum
870 1877 1089 1939 autem,
1147 1864 1428 1925 Comicos
1488 1865 1731 1925 Latinos
1787 1865 2077 1945 Prologos
2127 1876 2189 1927 et
2238 1868 2457 1947 primas
2497 1867 2618 1929 fere

411 1981 624 2023 scenas
653 1964 1021 2042 perterruisse
1051 1962 1298 2021 senariis
1327 1960 1614 2033 iambicis,
1644 1962 1747 2040 qui
1770 1971 1911 2021 sunt
1928 1970 2203 2040 τρέμει-μοι
2222 1967 2615 2038 &sarciam-roc.

413 2056 664 2117 Plautus
691 2069 888 2117 tamen
919 2067 979 2116 et
1007 2059 1065 2117 in
1118 2055 1546 2136 Amphitryone
1587 2067 1651 2117 et
1676 2057 1838 2128 alibi,
1868 2058 1929 2115 in
1966 2059 2167 2137 primis
2195 2059 2395 2119 statim
2423 2062 2615 2121 scenis

415 2172 690 2213 numeros
719 2154 988 2213 mutavit.
1071 2154 1127 2211 A
1153 2152 1428 2212 trimetris
1453 2161 1652 2211 autem
1682 2150 1760 2212 ad
1788 2152 2085 2233 longiores
2116 2167 2523 2233 pervenerunt,
2552 2167 2621 2217 ut

412 2256 806 2329 τετραμέτρους
832 2269 847 2307 :

656 2376 922 2435 Mirabor
948 2375 1064 2435 hoc
1093 2374 1144 2435 si
1173 2376 1256 2435 sic
1285 2376 1496 2450 abiret,
1523 2385 1584 2437 et
1607 2376 1735 2436 heri
1761 2396 1991 2456 semper
2016 2378 2255 2441 lenitas.

657 2470 751 2531 Ne
775 2471 926 2531 forte
955 2470 1300 2550 imprudens
1324 2473 1539 2532 faciam
1565 2471 1729 2552 quod
1749 2473 1919 2547 nolit,
1947 2475 2141 2535 sciens
2171 2476 2413 2536 cavebo.

659 2564 866 2634 Quid?
909 2566 1193 2627 credebas
1223 2568 1537 2627 dormienti
1561 2567 1693 2627 haec
1722 2570 1827 2627 tibi
1852 2570 2226 2631 confecturos
2255 2572 2421 2632 Deos
2443 2573 2469 2631 2

420 2696 555 2757 Nec
582 2714 702 2755 non
735 2694 1072 2756 concidisse
1100 2697 1468 2775 reperiuntur
1491 2714 1720 2767 versus,
1757 2706 1825 2755 ut
1868 2697 2225 2776 subjicerent
2266 2699 2463 2777 longis
2488 2702 2619 2761 bre-

416 2790 631 2853 viores.
716 2790 850 2850 Nec
879 2810 1000 2850 non
1028 2792 1372 2852 confudisse
1405 2810 1703 2864 numeros,
1747 2801 1818 2851 ut
1840 2792 2227 2853 miscerentur
2272 2795 2517 2853 trochaei
2557 2808 2620 2854 et

414 2888 630 2946 iambi:
673 2886 750 2947 de
779 2886 992 2966 quibus
1011 2887 1137 2965 jam
1168 2890 1314 2947 satis
1346 2888 1590 2947 dictum.
1677 2886 1811 2947 Hoc
1850 2898 2049 2948 autem
2094 2888 2329 2949 silentio
2375 2901 2618 2968 praeter·

420 2981 680 3041 eundum
701 3000 822 3040 non
851 2992 966 3051 est,
986 2982 1046 3038 in
1070 2981 1323 3041 iambico
1351 2992 1411 3041 et
1425 2982 1729 3041 trochaico
1754 2984 2035 3043 creticum
2057 3002 2179 3043 non
2200 3002 2332 3043 esse
2356 3002 2373 3042 ε
2416 3004 2619 3062 quam-

418 3078 508 3135 vis
536 3076 613 3135 de
645 3074 1005 3134 Archilochii
1037 3074 1317 3135 trochaici
1356 3084 1653 3134 structura
1678 3075 1779 3134 ille
1821 3076 2194 3155 praecipiens,
2249 3078 2524 3152 Rufinus,
2552 3089 2621 3139 ut

418 3172 636 3246 ferunt,
662 3170 775 3230 hoc
799 3168 1132 3249 scripserit:

664 3290 942 3351 Creticon
971 3290 1360 3350 Archilochus
1390 3309 1569 3370 supra
1595 3301 1778 3372 caput
1802 3292 1999 3353 iambi.

425 3418 582 3479 Nam
607 3419 808 3480 cretici
831 3420 1002 3493 ratio,
1031 3419 1132 3499 qui
1161 3430 1275 3493 est,
1303 3430 1372 3480 ut
1399 3419 1689 3495 diximus,
1707 3424 2076 3502 ἀμφίμακροε,
2102 3430 2429 3501 temporum
2448 3422 2620 3502 quin-

425 3533 561 3592 que,
589 3515 664 3574 ab
687 3514 805 3576 hoc
843 3534 1060 3595 genere
1102 3529 1196 3577 est
1233 3516 1502 3578 alienior.
1542 3518 1758 3596 Itaque
1787 3516 2029 3597 quidam
2072 3517 2443 3578 inculcantes
2470 3518 2615 3579 iam-

423 3610 588 3670 bicos
634 3620 696 3670 et
740 3612 1073 3672 trochaicos
1116 3632 1320 3673 versus
1377 3613 1538 3673 hunc
1585 3613 1819 3695 pedem,
1868 3612 2170 3687 audiendi,
2218 3634 2353 3675 mea
2376 3615 2619 3693 quidem

432 3705 745 3780 sententia,
802 3726 922 3765 non
973 3718 1134 3768 sunt.
1240 3709 1319 3768 Et
1367 3708 1438 3783 si,
1488 3717 1558 3768 ut
1603 3728 1805 3769 verum
1849 3708 2055 3782 fatear,
2100 3707 2217 3768 hoc
2268 3708 2491 3767 dixisse
2534 3710 2621 3782 illi

428 3799 724 3876 videntur,
772 3800 832 3859 in
880 3801 971 3861 his
999 3802 1264 3862 versibus
1305 3804 1544 3883 reperiri
1585 3806 1763 3864 verba
1801 3804 1862 3862 in
1892 3804 2106 3884 quibus
2148 3804 2398 3864 creticus
2439 3804 2617 3863 insit:

423 3904 493 3956 ut
517 3902 534 3930 ‘
554 3895 826 3975 oedepol,'
855 3906 918 3956 et
945 3896 1175 3967 similia,
1205 3898 1278 3956 de
1308 3899 1518 3975 quibus
1550 3909 1779 3979 postea.
1861 3899 1999 3959 Non
2028 3898 2187 3978 quod
2212 3901 2271 3958 in
2300 3919 2471 3960 versu
2490 3898 2619 3977 jam

427 3992 505 4052 sit
525 3993 800 4064 creticus,
830 3992 937 4052 sed
967 3990 1127 4073 quod
1157 3992 1218 4051 in
1244 3991 1362 4053 illis
1401 4002 1563 4054 esset
1601 3993 1817 4067 verbis,
1867 3994 1918 4053 si
1964 3995 2105 4055 totis
2147 3994 2391 4075 syllabis
2441 3994 2618 4072 plane

431 4087 848 4164 proferrentur.
932 4088 1083 4147 Haec
1113 4088 1404 4149 sententia
1433 4099 1546 4165 est,
1589 4100 1658 4151 ut
1692 4102 1859 4181 put0,
1902 4090 2206 4169 Scaligeri,
2252 4088 2355 4149 viri
2384 4088 2618 4163 eruditi,

430 4182 533 4260 qui
561 4182 636 4242 de
664 4183 951 4243 Versibus
997 4183 1256 4246 Cornicis
1302 4186 1488 4246 edidit
1511 4187 1748 4249 brevem
1776 4186 2031 4247 libellum
2060 4205 2075 4244 ε
2116 4184 2315 4265 itaque
2343 4186 2399 4245 in
2430 4205 2503 4246 eo
2530 4205 2619 4245 re-

554 4292 732 4358 Delph.
747 4301 799 4345 et
816 4294 934 4346 Ver.
955 4296 1087 4347 Clas.
1435 4298 1627 4349 Terent.
2428 4299 2487 4347 M
