<?xml version="1.0" encoding="UTF-8"?>
<!DOCTYPE html PUBLIC "-//W3C//DTD XHTML 1.0 Transitional//EN"
    "http://www.w3.org/TR/xhtml1/DTD/xhtml1-transitional.dtd">
<html xmlns="http://www.w3.org/1999/xhtml" xml:lang="en" lang="en">
 <head>
  <title>
</title>
<meta http-equiv="Content-Type" content="text/html;charset=utf-8" />
  <meta name='ocr-system' content='tesseract 3.04.00' />
  <meta name='ocr-capabilities' content='ocr_page ocr_carea ocr_par ocr_line ocrx_word'/>
</head>
<body>
  <div class='ocr_page' id='page_1' title='image "./comoedisex10westgoog_0023.png"; bbox 0 0 3234 4934; ppageno 0'>
   <div class='ocr_carea' id='block_1_1' title="bbox 1331 427 2634 492">
    <p class='ocr_par' dir='ltr' id='par_1_1' title="bbox 1331 427 2634 492">
     <span class='ocr_line' id='line_1_1' title="bbox 1331 427 2634 492; baseline 0.005 -6"><span class='ocrx_word' id='word_1_1' title='bbox 1331 436 1741 488; x_wconf 62' lang='lat' dir='ltr'><strong>ruffinum.</strong></span> <span class='ocrx_word' id='word_1_2' title='bbox 2548 427 2634 492; x_wconf 82' lang='lat'><strong>18</strong></span> 
     </span>
    </p>
   </div>
   <div class='ocr_carea' id='block_1_2' title="bbox 441 578 2634 1175">
    <p class='ocr_par' dir='ltr' id='par_1_2' title="bbox 441 578 2634 1175">
     <span class='ocr_line' id='line_1_2' title="bbox 441 578 2632 667; baseline 0.003 -21"><span class='ocrx_word' id='word_1_3' title='bbox 441 579 818 665; x_wconf 79' lang='lat' dir='ltr'><strong>uunquam3</strong></span> <span class='ocrx_word' id='word_1_4' title='bbox 863 582 922 645; x_wconf 91' lang='lat' dir='ltr'><strong>is</strong></span> <span class='ocrx_word' id='word_1_5' title='bbox 963 578 1142 660; x_wconf 73' lang='lat' dir='ltr'><strong>vero,</strong></span> <span class='ocrx_word' id='word_1_6' title='bbox 1173 585 1234 647; x_wconf 85' lang='lat' dir='ltr'><strong>si</strong></span> <span class='ocrx_word' id='word_1_7' title='bbox 1265 583 1602 667; x_wconf 85' lang='lat' dir='ltr'><strong>Guyetum</strong></span> <span class='ocrx_word' id='word_1_8' title='bbox 1636 584 1723 647; x_wconf 88' lang='lat' dir='ltr'><strong>ad</strong></span> <span class='ocrx_word' id='word_1_9' title='bbox 1770 581 1940 648; x_wconf 86' lang='lat' dir='ltr'><strong>And.</strong></span> <span class='ocrx_word' id='word_1_10' title='bbox 1970 599 2069 648; x_wconf 78' lang='grc' dir='ltr'><strong>ιν.</strong></span> <span class='ocrx_word' id='word_1_11' title='bbox 2102 581 2165 648; x_wconf 88' lang='lat' dir='ltr'><strong>l.</strong></span> <span class='ocrx_word' id='word_1_12' title='bbox 2188 583 2253 647; x_wconf 83' lang='lat'><strong>3.</strong></span> <span class='ocrx_word' id='word_1_13' title='bbox 2296 585 2632 665; x_wconf 72' lang='lat' dir='ltr'><strong>audimus,</strong></span> 
     </span>
     <span class='ocr_line' id='line_1_3' title="bbox 441 684 2632 768; baseline 0.003 -21"><span class='ocrx_word' id='word_1_14' title='bbox 441 684 537 748; x_wconf 88' lang='lat' dir='ltr'><strong>rei</strong></span> <span class='ocrx_word' id='word_1_15' title='bbox 576 685 870 748; x_wconf 74' lang='lat' dir='ltr'><strong>metricae</strong></span> <span class='ocrx_word' id='word_1_16' title='bbox 915 684 1114 766; x_wconf 88' lang='lat' dir='ltr'><strong>plane</strong></span> <span class='ocrx_word' id='word_1_17' title='bbox 1162 687 1506 768; x_wconf 85' lang='lat' dir='ltr'><strong>imperitus</strong></span> <span class='ocrx_word' id='word_1_18' title='bbox 1547 687 1693 750; x_wconf 85' lang='lat' dir='ltr'><strong>fuit.</strong></span> <span class='ocrx_word' id='word_1_19' title='bbox 1780 685 1939 750; x_wconf 82' lang='lat' dir='ltr'><strong>Jam</strong></span> <span class='ocrx_word' id='word_1_20' title='bbox 1984 705 2141 751; x_wconf 77' lang='lat' dir='ltr'><strong>vero</strong></span> <span class='ocrx_word' id='word_1_21' title='bbox 2196 684 2503 750; x_wconf 82' lang='lat' dir='ltr'><strong>Muretus</strong></span> <span class='ocrx_word' id='word_1_22' title='bbox 2542 689 2632 753; x_wconf 88' lang='lat' dir='ltr'><strong>ad</strong></span> 
     </span>
     <span class='ocr_line' id='line_1_4' title="bbox 444 784 2633 871; baseline 0.002 -23"><span class='ocrx_word' id='word_1_23' title='bbox 444 784 618 849; x_wconf 83' lang='lat' dir='ltr'><strong>An‘d.</strong></span> <span class='ocrx_word' id='word_1_24' title='bbox 650 801 767 850; x_wconf 88' lang='grc' dir='ltr'><strong>ιιι.</strong></span> <span class='ocrx_word' id='word_1_25' title='bbox 797 785 862 850; x_wconf 82' lang='lat'><strong>2.</strong></span> <span class='ocrx_word' id='word_1_26' title='bbox 885 787 948 851; x_wconf 91' lang='lat'><strong>1.</strong></span> <span class='ocrx_word' id='word_1_27' title='bbox 995 790 1016 819; x_wconf 89' lang='lat'>‘</span> <span class='ocrx_word' id='word_1_28' title='bbox 1037 786 1208 850; x_wconf 86' lang='lat' dir='ltr'>Sunt</span> <span class='ocrx_word' id='word_1_29' title='bbox 1244 786 1354 851; x_wconf 89' lang='lat' dir='ltr'><strong>hic</strong></span> <span class='ocrx_word' id='word_1_30' title='bbox 1386 787 1683 871; x_wconf 86' lang='lat' dir='ltr'><strong>aliquot,’</strong></span> <span class='ocrx_word' id='word_1_31' title='bbox 1732 788 1968 870; x_wconf 88' lang='lat' dir='ltr'><strong>inquit,</strong></span> <span class='ocrx_word' id='word_1_32' title='bbox 2021 791 2042 820; x_wconf 89' lang='lat'>‘</span> <span class='ocrx_word' id='word_1_33' title='bbox 2062 807 2319 863; x_wconf 84' lang='lat' dir='ltr'><strong>versus,</strong></span> <span class='ocrx_word' id='word_1_34' title='bbox 2351 807 2633 871; x_wconf 85' lang='lat' dir='ltr'><strong>quorum</strong></span> 
     </span>
     <span class='ocr_line' id='line_1_5' title="bbox 444 885 2629 980; baseline 0.002 -30"><span class='ocrx_word' id='word_1_35' title='bbox 444 885 926 951; x_wconf 81' lang='lat' dir='ltr'><strong>dimensionem</strong></span> <span class='ocrx_word' id='word_1_36' title='bbox 970 888 1312 980; x_wconf 79' lang='lat' dir='ltr'><strong>explicare</strong></span> <span class='ocrx_word' id='word_1_37' title='bbox 1340 909 1426 953; x_wconf 82' lang='lat' dir='ltr'><strong>ex</strong></span> <span class='ocrx_word' id='word_1_38' title='bbox 1457 891 1791 954; x_wconf 83' lang='lat' dir='ltr'><strong>veteribus</strong></span> <span class='ocrx_word' id='word_1_39' title='bbox 1832 888 2053 953; x_wconf 77' lang='lat' dir='ltr'><strong>Libris</strong></span> <span class='ocrx_word' id='word_1_40' title='bbox 2096 908 2231 953; x_wconf 91' lang='lat' dir='ltr'><strong>non</strong></span> <span class='ocrx_word' id='word_1_41' title='bbox 2279 891 2500 972; x_wconf 89' lang='lat' dir='ltr'><strong>potui,</strong></span> <span class='ocrx_word' id='word_1_42' title='bbox 2540 909 2629 955; x_wconf 88' lang='lat' dir='ltr'><strong>ex</strong></span> 
     </span>
     <span class='ocr_line' id='line_1_6' title="bbox 441 987 2630 1070; baseline 0.002 -19"><span class='ocrx_word' id='word_1_43' title='bbox 441 987 704 1070; x_wconf 84' lang='lat' dir='ltr'><strong>ingenio</strong></span> <span class='ocrx_word' id='word_1_44' title='bbox 733 987 960 1052; x_wconf 83' lang='lat' dir='ltr'><strong>nolui.’</strong></span> <span class='ocrx_word' id='word_1_45' title='bbox 1047 987 1262 1067; x_wconf 87' lang='lat' dir='ltr'><strong>Idem,</strong></span> <span class='ocrx_word' id='word_1_46' title='bbox 1290 988 1456 1055; x_wconf 87' lang='lat' dir='ltr'><strong>Var.</strong></span> <span class='ocrx_word' id='word_1_47' title='bbox 1489 991 1681 1054; x_wconf 89' lang='lat' dir='ltr'><strong>Lect.</strong></span> <span class='ocrx_word' id='word_1_48' title='bbox 1720 1006 1826 1054; x_wconf 85' lang='grc' dir='ltr'><strong>ιιι.</strong></span> <span class='ocrx_word' id='word_1_49' title='bbox 1858 990 1923 1055; x_wconf 81' lang='grc'><strong>3.</strong></span> <span class='ocrx_word' id='word_1_50' title='bbox 1966 990 2332 1066; x_wconf 81' lang='lat' dir='ltr'><strong>existimat,</strong></span> <span class='ocrx_word' id='word_1_51' title='bbox 2382 991 2630 1056; x_wconf 88' lang='lat' dir='ltr'><strong>Histri-</strong></span> 
     </span>
     <span class='ocr_line' id='line_1_7' title="bbox 445 1090 2634 1175; baseline 0.002 -24"><span class='ocrx_word' id='word_1_52' title='bbox 445 1106 608 1153; x_wconf 90' lang='lat' dir='ltr'><strong>ones</strong></span> <span class='ocrx_word' id='word_1_53' title='bbox 635 1090 704 1154; x_wconf 93' lang='lat' dir='ltr'><strong>in</strong></span> <span class='ocrx_word' id='word_1_54' title='bbox 733 1091 1099 1155; x_wconf 83' lang='lat' dir='ltr'>recitandis</span> <span class='ocrx_word' id='word_1_55' title='bbox 1132 1090 1414 1156; x_wconf 83' lang='lat' dir='ltr'><strong>Fabulis</strong></span> <span class='ocrx_word' id='word_1_56' title='bbox 1461 1092 1775 1175; x_wconf 81' lang='lat' dir='ltr'><strong>quaedam</strong></span> <span class='ocrx_word' id='word_1_57' title='bbox 1825 1092 1911 1156; x_wconf 84' lang='lat' dir='ltr'><strong>de</strong></span> <span class='ocrx_word' id='word_1_58' title='bbox 1963 1111 2087 1156; x_wconf 89' lang='lat' dir='ltr'><strong>suo</strong></span> <span class='ocrx_word' id='word_1_59' title='bbox 2138 1091 2503 1170; x_wconf 83' lang='lat' dir='ltr'><strong>addidisse,</strong></span> <span class='ocrx_word' id='word_1_60' title='bbox 2554 1103 2634 1158; x_wconf 88' lang='lat' dir='ltr'><strong>ut</strong></span> 
     </span>
    </p>
   </div>
   <div class='ocr_carea' id='block_1_3' title="bbox 441 1191 2747 1278">
    <p class='ocr_par' dir='ltr' id='par_1_3' title="bbox 441 1191 2747 1278">
     <span class='ocr_line' id='line_1_8' title="bbox 441 1191 2747 1278; baseline 0.002 -23"><span class='ocrx_word' id='word_1_61' title='bbox 441 1191 662 1255; x_wconf 86' lang='lat' dir='ltr'><strong>oratio</strong></span> <span class='ocrx_word' id='word_1_62' title='bbox 707 1192 1124 1275; x_wconf 83' lang='lat' dir='ltr'><strong>quotidianae</strong></span> <span class='ocrx_word' id='word_1_63' title='bbox 1173 1192 1460 1256; x_wconf 84' lang='lat' dir='ltr'><strong>similior</strong></span> <span class='ocrx_word' id='word_1_64' title='bbox 1483 1193 1850 1274; x_wconf 75' lang='lat' dir='ltr'><strong>videretur-3</strong></span> <span class='ocrx_word' id='word_1_65' title='bbox 1898 1199 2099 1278; x_wconf 88' lang='lat' dir='ltr'><strong>atque</strong></span> <span class='ocrx_word' id='word_1_66' title='bbox 2153 1192 2631 1272; x_wconf 88' lang='lat' dir='ltr'><strong>hinc-factum,</strong></span> <span class='ocrx_word' id='word_1_67' title='bbox 2738 1257 2747 1266; x_wconf 88' lang='grc'><strong>,</strong></span> 
     </span>
    </p>
   </div>
   <div class='ocr_carea' id='block_1_4' title="bbox 443 1292 2631 1375">
    <p class='ocr_par' dir='ltr' id='par_1_4' title="bbox 443 1292 2631 1375">
     <span class='ocr_line' id='line_1_9' title="bbox 443 1292 2631 1375; baseline 0.003 -21"><span class='ocrx_word' id='word_1_68' title='bbox 443 1299 524 1354; x_wconf 90' lang='lat' dir='ltr'><strong>ut</strong></span> <span class='ocrx_word' id='word_1_69' title='bbox 554 1308 784 1356; x_wconf 82' lang='lat' dir='ltr'><strong>versus</strong></span> <span class='ocrx_word' id='word_1_70' title='bbox 812 1293 1198 1358; x_wconf 89' lang='lat' dir='ltr'><strong>Terentiani</strong></span> <span class='ocrx_word' id='word_1_71' title='bbox 1228 1311 1416 1375; x_wconf 81' lang='lat' dir='ltr'><strong>saepe</strong></span> <span class='ocrx_word' id='word_1_72' title='bbox 1447 1292 1795 1358; x_wconf 83' lang='lat' dir='ltr'><strong>videantur</strong></span> <span class='ocrx_word' id='word_1_73' title='bbox 1814 1301 2025 1361; x_wconf 87' lang='lat' dir='ltr'><strong>metro</strong></span> <span class='ocrx_word' id='word_1_74' title='bbox 2054 1294 2382 1359; x_wconf 86' lang='lat' dir='ltr'><strong>lab&#39;orare.</strong></span> <span class='ocrx_word' id='word_1_75' title='bbox 2472 1295 2631 1360; x_wconf 87' lang='lat' dir='ltr'><strong>Pal·</strong></span> 
     </span>
    </p>
   </div>
   <div class='ocr_carea' id='block_1_5' title="bbox 322 1391 2631 1480">
    <p class='ocr_par' dir='ltr' id='par_1_5' title="bbox 322 1391 2631 1480">
     <span class='ocr_line' id='line_1_10' title="bbox 322 1391 2631 1480; baseline 0.004 -26"><span class='ocrx_word' id='word_1_76' title='bbox 322 1445 336 1454; x_wconf 95' lang='lat'><strong>.</strong></span> <span class='ocrx_word' id='word_1_77' title='bbox 442 1391 691 1457; x_wconf 78' lang='lat' dir='ltr'><strong>metius</strong></span> <span class='ocrx_word' id='word_1_78' title='bbox 734 1399 958 1458; x_wconf 90' lang='lat' dir='ltr'><strong>autem</strong></span> <span class='ocrx_word' id='word_1_79' title='bbox 1007 1395 1092 1458; x_wconf 88' lang='lat' dir='ltr'><strong>ad</strong></span> <span class='ocrx_word' id='word_1_80' title='bbox 1143 1395 1412 1459; x_wconf 68' lang='lat' dir='ltr'><strong>phorm.</strong></span> <span class='ocrx_word' id='word_1_81' title='bbox 1440 1411 1510 1457; x_wconf 84' lang='grc' dir='ltr'><strong>ν.</strong></span> <span class='ocrx_word' id='word_1_82' title='bbox 1539 1397 1603 1460; x_wconf 85' lang='grc'><strong>7.</strong></span> <span class='ocrx_word' id='word_1_83' title='bbox 1636 1398 1745 1460; x_wconf 85' lang='grc'><strong>77.</strong></span> <span class='ocrx_word' id='word_1_84' title='bbox 1788 1414 2025 1462; x_wconf 77' lang='lat' dir='ltr'><strong>versus</strong></span> <span class='ocrx_word' id='word_1_85' title='bbox 2071 1396 2405 1480; x_wconf 88' lang='lat' dir='ltr'><strong>quosdam</strong></span> <span class='ocrx_word' id='word_1_86' title='bbox 2438 1397 2631 1480; x_wconf 88' lang='lat' dir='ltr'><strong>justo</strong></span> 
     </span>
    </p>
   </div>
   <div class='ocr_carea' id='block_1_6' title="bbox 442 1491 2641 4302">
    <p class='ocr_par' dir='ltr' id='par_1_6' title="bbox 442 1491 2641 4302">
     <span class='ocr_line' id='line_1_11' title="bbox 442 1491 2633 1581; baseline 0.004 -26"><span class='ocrx_word' id='word_1_87' title='bbox 442 1491 714 1575; x_wconf 83' lang='lat' dir='ltr'><strong>longius</strong></span> <span class='ocrx_word' id='word_1_88' title='bbox 741 1514 1087 1560; x_wconf 82' lang='lat' dir='ltr'><strong>excurrere</strong></span> <span class='ocrx_word' id='word_1_89' title='bbox 1139 1501 1393 1572; x_wconf 87' lang='lat' dir='ltr'><strong>censet,</strong></span> <span class='ocrx_word' id='word_1_90' title='bbox 1441 1514 1578 1559; x_wconf 93' lang='lat' dir='ltr'><strong>non</strong></span> <span class='ocrx_word' id='word_1_91' title='bbox 1619 1497 1767 1560; x_wconf 84' lang='lat' dir='ltr'><strong>sine</strong></span> <span class='ocrx_word' id='word_1_92' title='bbox 1812 1517 2051 1580; x_wconf 84' lang='lat' dir='ltr'><strong>magna</strong></span> <span class='ocrx_word' id='word_1_93' title='bbox 2094 1498 2325 1581; x_wconf 84' lang='lat' dir='ltr'><strong>gratia,</strong></span> <span class='ocrx_word' id='word_1_94' title='bbox 2354 1507 2431 1562; x_wconf 88' lang='lat' dir='ltr'><strong>ut</strong></span> <span class='ocrx_word' id='word_1_95' title='bbox 2470 1500 2633 1564; x_wconf 81' lang='lat' dir='ltr'><strong>talia</strong></span> 
     </span>
     <span class='ocr_line' id='line_1_12' title="bbox 449 1591 2629 1677; baseline 0.002 -19"><span class='ocrx_word' id='word_1_96' title='bbox 449 1591 644 1658; x_wconf 78' lang='lat' dir='ltr'><strong>ex&#39;tra</strong></span> <span class='ocrx_word' id='word_1_97' title='bbox 666 1591 1004 1660; x_wconf 83' lang='lat' dir='ltr'><strong>numerum</strong></span> <span class='ocrx_word' id='word_1_98' title='bbox 1035 1601 1442 1661; x_wconf 78' lang='lat' dir='ltr'><strong>censeantur.</strong></span> <span class='ocrx_word' id='word_1_99' title='bbox 1534 1597 1837 1664; x_wconf 65' lang='lat' dir='ltr'><strong>Faernus</strong></span> <span class='ocrx_word' id='word_1_100' title='bbox 1888 1605 2192 1677; x_wconf 82' lang='lat' dir='ltr'><strong>testatur,</strong></span> <span class='ocrx_word' id='word_1_101' title='bbox 2239 1621 2313 1664; x_wconf 92' lang='lat' dir='ltr'><strong>se</strong></span> <span class='ocrx_word' id='word_1_102' title='bbox 2360 1619 2629 1666; x_wconf 84' lang='lat' dir='ltr'><strong>versum</strong></span> 
     </span>
     <span class='ocr_line' id='line_1_13' title="bbox 445 1697 2631 1779; baseline 0.002 -19"><span class='ocrx_word' id='word_1_103' title='bbox 445 1697 708 1760; x_wconf 88' lang='lat' dir='ltr'><strong>tertium</strong></span> <span class='ocrx_word' id='word_1_104' title='bbox 739 1702 808 1761; x_wconf 88' lang='lat' dir='ltr'><strong>et</strong></span> <span class='ocrx_word' id='word_1_105' title='bbox 837 1698 1251 1779; x_wconf 83' lang='lat' dir='ltr'><strong>vigesimum,</strong></span> <span class='ocrx_word' id='word_1_106' title='bbox 1283 1698 1437 1762; x_wconf 83' lang='lat' dir='ltr'><strong>Act.</strong></span> <span class='ocrx_word' id='word_1_107' title='bbox 1474 1715 1556 1762; x_wconf 85' lang='grc' dir='ltr'><strong>ιι.</strong></span> <span class='ocrx_word' id='word_1_108' title='bbox 1587 1699 1700 1763; x_wconf 91' lang='lat' dir='ltr'><strong>Sc.</strong></span> <span class='ocrx_word' id='word_1_109' title='bbox 1730 1699 1796 1763; x_wconf 81' lang='lat'><strong>3.</strong></span> <span class='ocrx_word' id='word_1_110' title='bbox 1846 1701 2289 1778; x_wconf 74' lang='lat' dir='ltr'><strong>PhormioniS,</strong></span> <span class='ocrx_word' id='word_1_111' title='bbox 2318 1707 2459 1768; x_wconf 86' lang='lat' dir='ltr'><strong>tum</strong></span> <span class='ocrx_word' id='word_1_112' title='bbox 2488 1719 2631 1767; x_wconf 83' lang='lat' dir='ltr'><strong>ver-</strong></span> 
     </span>
     <span class='ocr_line' id='line_1_14' title="bbox 447 1793 2631 1886; baseline 0.001 -24"><span class='ocrx_word' id='word_1_113' title='bbox 447 1793 596 1862; x_wconf 81' lang='lat' dir='ltr'><strong>sum</strong></span> <span class='ocrx_word' id='word_1_114' title='bbox 643 1804 946 1880; x_wconf 88' lang='lat' dir='ltr'><strong>quartum</strong></span> <span class='ocrx_word' id='word_1_115' title='bbox 987 1806 1060 1863; x_wconf 88' lang='lat' dir='ltr'><strong>et</strong></span> <span class='ocrx_word' id='word_1_116' title='bbox 1105 1800 1717 1883; x_wconf 80' lang='lat' dir='ltr'><strong>quadragesimum,</strong></span> <span class='ocrx_word' id='word_1_117' title='bbox 1765 1801 1924 1866; x_wconf 88' lang='lat' dir='ltr'><strong>Act.</strong></span> <span class='ocrx_word' id='word_1_118' title='bbox 1952 1819 2019 1865; x_wconf 79' lang='lat' dir='ltr'><strong>V.</strong></span> <span class='ocrx_word' id='word_1_119' title='bbox 2068 1803 2181 1866; x_wconf 88' lang='lat' dir='ltr'><strong>Sc.</strong></span> <span class='ocrx_word' id='word_1_120' title='bbox 2212 1806 2280 1867; x_wconf 86' lang='lat'><strong>7.</strong></span> <span class='ocrx_word' id='word_1_121' title='bbox 2325 1802 2631 1886; x_wconf 86' lang='lat' dir='ltr'><strong>ejusdem</strong></span> 
     </span>
     <span class='ocr_line' id='line_1_15' title="bbox 445 1893 2630 1985; baseline 0.002 -22"><span class='ocrx_word' id='word_1_122' title='bbox 445 1893 730 1964; x_wconf 82' lang='lat' dir='ltr'><strong>Fabulae</strong></span> <span class='ocrx_word' id='word_1_123' title='bbox 761 1900 1038 1982; x_wconf 87' lang='lat' dir='ltr'><strong>pedibus</strong></span> <span class='ocrx_word' id='word_1_124' title='bbox 1069 1902 1282 1966; x_wconf 87' lang='lat' dir='ltr'><strong>metiri</strong></span> <span class='ocrx_word' id='word_1_125' title='bbox 1307 1921 1440 1966; x_wconf 89' lang='lat' dir='ltr'><strong>nou</strong></span> <span class='ocrx_word' id='word_1_126' title='bbox 1469 1921 1691 1985; x_wconf 83' lang='lat' dir='ltr'><strong>posse.</strong></span> <span class='ocrx_word' id='word_1_127' title='bbox 1750 1902 1889 1966; x_wconf 89' lang='lat' dir='ltr'><strong>Alii</strong></span> <span class='ocrx_word' id='word_1_128' title='bbox 1915 1903 1999 1966; x_wconf 88' lang='lat' dir='ltr'><strong>ad</strong></span> <span class='ocrx_word' id='word_1_129' title='bbox 2031 1905 2165 1968; x_wconf 86' lang='lat' dir='ltr'><strong>alia</strong></span> <span class='ocrx_word' id='word_1_130' title='bbox 2194 1905 2630 1970; x_wconf 72' lang='lat' dir='ltr'><strong>adhaeserunt.</strong></span> 
     </span>
     <span class='ocr_line' id='line_1_16' title="bbox 447 1996 2633 2090; baseline 0 -23"><span class='ocrx_word' id='word_1_131' title='bbox 447 2001 688 2083; x_wconf 84' lang='lat' dir='ltr'><strong>Neque</strong></span> <span class='ocrx_word' id='word_1_132' title='bbox 715 1996 798 2066; x_wconf 91' lang='lat' dir='ltr'><strong>P.</strong></span> <span class='ocrx_word' id='word_1_133' title='bbox 831 2000 1296 2082; x_wconf 75' lang='lat' dir='ltr'><strong>Antesignani,</strong></span> <span class='ocrx_word' id='word_1_134' title='bbox 1339 2004 1618 2086; x_wconf 82' lang='lat' dir='ltr'><strong>singulis</strong></span> <span class='ocrx_word' id='word_1_135' title='bbox 1646 2007 1953 2068; x_wconf 78' lang='lat' dir='ltr'><strong>versibus</strong></span> <span class='ocrx_word' id='word_1_136' title='bbox 1982 2011 2297 2089; x_wconf 85' lang='lat' dir='ltr'><strong>tanquam</strong></span> <span class='ocrx_word' id='word_1_137' title='bbox 2324 2006 2633 2090; x_wconf 86' lang='lat' dir='ltr'><strong>proprios</strong></span> 
     </span>
     <span class='ocr_line' id='line_1_17' title="bbox 445 2101 2633 2186; baseline 0.001 -20"><span class='ocrx_word' id='word_1_138' title='bbox 445 2101 654 2186; x_wconf 87' lang='lat' dir='ltr'><strong>pedes</strong></span> <span class='ocrx_word' id='word_1_139' title='bbox 684 2103 774 2167; x_wconf 88' lang='lat' dir='ltr'><strong>ad</strong></span> <span class='ocrx_word' id='word_1_140' title='bbox 801 2123 988 2168; x_wconf 88' lang='lat' dir='ltr'><strong>oram</strong></span> <span class='ocrx_word' id='word_1_141' title='bbox 1017 2105 1440 2182; x_wconf 83' lang='lat' dir='ltr'><strong>ascribentis,</strong></span> <span class='ocrx_word' id='word_1_142' title='bbox 1469 2106 1585 2170; x_wconf 87' lang='lat' dir='ltr'><strong>sed</strong></span> <span class='ocrx_word' id='word_1_143' title='bbox 1615 2108 1782 2170; x_wconf 87' lang='lat' dir='ltr'><strong>inter</strong></span> <span class='ocrx_word' id='word_1_144' title='bbox 1810 2105 2159 2170; x_wconf 86' lang='lat' dir='ltr'><strong>Erasmum</strong></span> <span class='ocrx_word' id='word_1_145' title='bbox 2188 2113 2259 2171; x_wconf 86' lang='lat' dir='ltr'><strong>et</strong></span> <span class='ocrx_word' id='word_1_146' title='bbox 2278 2106 2324 2170; x_wconf 83' lang='lat' dir='ltr'><strong>J</strong></span> <span class='ocrx_word' id='word_1_147' title='bbox 2330 2153 2347 2169; x_wconf 96' lang='lat'><strong>.</strong></span> <span class='ocrx_word' id='word_1_148' title='bbox 2366 2106 2445 2170; x_wconf 89' lang='lat' dir='ltr'><strong>C.</strong></span> <span class='ocrx_word' id='word_1_149' title='bbox 2464 2107 2633 2170; x_wconf 86' lang='lat' dir='ltr'><strong>Sea-</strong></span> 
     </span>
     <span class='ocr_line' id='line_1_18' title="bbox 445 2205 2635 2289; baseline 0.002 -21"><span class='ocrx_word' id='word_1_150' title='bbox 445 2205 726 2287; x_wconf 76' lang='lat' dir='ltr'><strong>liger-um</strong></span> <span class='ocrx_word' id='word_1_151' title='bbox 775 2225 1038 2288; x_wconf 83' lang='lat' dir='ltr'><strong>semper</strong></span> <span class='ocrx_word' id='word_1_152' title='bbox 1066 2205 1252 2271; x_wconf 88' lang='lat' dir='ltr'><strong>dubii</strong></span> <span class='ocrx_word' id='word_1_153' title='bbox 1296 2214 1368 2271; x_wconf 89' lang='lat' dir='ltr'><strong>et</strong></span> <span class='ocrx_word' id='word_1_154' title='bbox 1395 2207 1801 2285; x_wconf 87' lang='lat' dir='ltr'><strong>fluctuantis,</strong></span> <span class='ocrx_word' id='word_1_155' title='bbox 1848 2205 2063 2271; x_wconf 87' lang='lat' dir='ltr'><strong>nimia</strong></span> <span class='ocrx_word' id='word_1_156' title='bbox 2102 2207 2473 2289; x_wconf 67' lang='lat' dir='ltr'><strong>diligentia.</strong></span> <span class='ocrx_word' id='word_1_157' title='bbox 2492 2225 2635 2272; x_wconf 86' lang='lat' dir='ltr'><strong>rem</strong></span> 
     </span>
     <span class='ocr_line' id='line_1_19' title="bbox 449 2307 2632 2389; baseline 0.001 -19"><span class='ocrx_word' id='word_1_158' title='bbox 449 2307 615 2371; x_wconf 87' lang='lat' dir='ltr'><strong>satis</strong></span> <span class='ocrx_word' id='word_1_159' title='bbox 643 2307 1018 2389; x_wconf 82' lang='lat' dir='ltr'><strong>expedivit.</strong></span> <span class='ocrx_word' id='word_1_160' title='bbox 1106 2312 1127 2341; x_wconf 88' lang='lat'>‘</span> <span class='ocrx_word' id='word_1_161' title='bbox 1146 2307 1466 2373; x_wconf 84' lang='lat' dir='ltr'><strong>Profecto</strong></span> <span class='ocrx_word' id='word_1_162' title='bbox 1495 2307 1721 2386; x_wconf 88' lang='lat' dir='ltr'><strong>tanta,’</strong></span> <span class='ocrx_word' id='word_1_163' title='bbox 1766 2309 1977 2372; x_wconf 84' lang='lat' dir='ltr'><strong>verba</strong></span> <span class='ocrx_word' id='word_1_164' title='bbox 2006 2317 2163 2372; x_wconf 87' lang='lat' dir='ltr'><strong>sunt</strong></span> <span class='ocrx_word' id='word_1_165' title='bbox 2183 2308 2229 2372; x_wconf 83' lang='lat' dir='ltr'><strong>J</strong></span> <span class='ocrx_word' id='word_1_166' title='bbox 2234 2327 2337 2373; x_wconf 87' lang='lat' dir='ltr'><strong>ac.</strong></span> <span class='ocrx_word' id='word_1_167' title='bbox 2367 2309 2632 2372; x_wconf 73' lang='lat' dir='ltr'><strong>Perizo-</strong></span> 
     </span>
     <span class='ocr_line' id='line_1_20' title="bbox 445 2408 2633 2493; baseline 0.001 -22"><span class='ocrx_word' id='word_1_168' title='bbox 445 2409 540 2471; x_wconf 90' lang='lat' dir='ltr'><strong>nii</strong></span> <span class='ocrx_word' id='word_1_169' title='bbox 587 2408 676 2473; x_wconf 89' lang='lat' dir='ltr'><strong>ad</strong></span> <span class='ocrx_word' id='word_1_170' title='bbox 723 2409 952 2473; x_wconf 89' lang='lat' dir='ltr'><strong>Sanct.</strong></span> <span class='ocrx_word' id='word_1_171' title='bbox 985 2409 1154 2474; x_wconf 86' lang='lat' dir='ltr'><strong>Min.</strong></span> <span class='ocrx_word' id='word_1_172' title='bbox 1201 2430 1268 2493; x_wconf 88' lang='lat' dir='ltr'><strong>p.</strong></span> <span class='ocrx_word' id='word_1_173' title='bbox 1296 2412 1449 2475; x_wconf 82' lang='lat'><strong>417.</strong></span> <span class='ocrx_word' id='word_1_174' title='bbox 1500 2411 1824 2475; x_wconf 76' lang='lat' dir='ltr'><strong>‘invaluit</strong></span> <span class='ocrx_word' id='word_1_175' title='bbox 1850 2410 2138 2488; x_wconf 86' lang='lat' dir='ltr'><strong>licentia,</strong></span> <span class='ocrx_word' id='word_1_176' title='bbox 2193 2415 2265 2474; x_wconf 84' lang='lat' dir='ltr'><strong>ut</strong></span> <span class='ocrx_word' id='word_1_177' title='bbox 2312 2409 2433 2474; x_wconf 82' lang='lat' dir='ltr'><strong>vix</strong></span> <span class='ocrx_word' id='word_1_178' title='bbox 2479 2409 2633 2474; x_wconf 88' lang='lat' dir='ltr'><strong>inde</strong></span> 
     </span>
     <span class='ocr_line' id='line_1_21' title="bbox 449 2509 2635 2595; baseline 0 -21"><span class='ocrx_word' id='word_1_179' title='bbox 449 2509 614 2592; x_wconf 87' lang='lat' dir='ltr'><strong>quid</strong></span> <span class='ocrx_word' id='word_1_180' title='bbox 635 2511 831 2576; x_wconf 84' lang='lat' dir='ltr'><strong>&#39;certa</strong></span> <span class='ocrx_word' id='word_1_181' title='bbox 853 2511 1114 2575; x_wconf 87' lang='lat' dir='ltr'><strong>ratione</strong></span> <span class='ocrx_word' id='word_1_182' title='bbox 1143 2513 1450 2594; x_wconf 88' lang='lat' dir='ltr'><strong>probare,</strong></span> <span class='ocrx_word' id='word_1_183' title='bbox 1479 2512 1587 2576; x_wconf 83' lang='lat' dir='ltr'><strong>vel</strong></span> <span class='ocrx_word' id='word_1_184' title='bbox 1614 2512 1897 2576; x_wconf 83' lang='lat' dir='ltr'><strong>refutare</strong></span> <span class='ocrx_word' id='word_1_185' title='bbox 1926 2510 2173 2595; x_wconf 61' lang='lat' dir='ltr'><strong>queas?</strong></span> <span class='ocrx_word' id='word_1_186' title='bbox 2232 2511 2321 2576; x_wconf 90' lang='lat' dir='ltr'><strong>Et</strong></span> <span class='ocrx_word' id='word_1_187' title='bbox 2346 2512 2430 2588; x_wconf 91' lang='lat' dir='ltr'><strong>si,</strong></span> <span class='ocrx_word' id='word_1_188' title='bbox 2452 2511 2635 2595; x_wconf 88' lang='lat' dir='ltr'><strong>quod</strong></span> 
     </span>
     <span class='ocr_line' id='line_1_22' title="bbox 451 2611 2635 2696; baseline 0 -22"><span class='ocrx_word' id='word_1_189' title='bbox 451 2629 578 2676; x_wconf 85' lang='lat' dir='ltr'><strong>sua</strong></span> <span class='ocrx_word' id='word_1_190' title='bbox 593 2611 744 2694; x_wconf 89' lang='lat' dir='ltr'><strong>jam</strong></span> <span class='ocrx_word' id='word_1_191' title='bbox 767 2619 970 2676; x_wconf 58' lang='lat' dir='ltr'><strong>aetate</strong></span> <span class='ocrx_word' id='word_1_192' title='bbox 997 2613 1266 2678; x_wconf 88' lang='lat' dir='ltr'><strong>dicebat</strong></span> <span class='ocrx_word' id='word_1_193' title='bbox 1291 2612 1557 2690; x_wconf 86' lang='lat' dir='ltr'><strong>Cicero,</strong></span> <span class='ocrx_word' id='word_1_194' title='bbox 1604 2612 2033 2678; x_wconf 79' lang='lat' dir='ltr'><strong>comicorum</strong></span> <span class='ocrx_word' id='word_1_195' title='bbox 2066 2613 2329 2678; x_wconf 85' lang='lat' dir='ltr'><strong>Senarii</strong></span> <span class='ocrx_word' id='word_1_196' title='bbox 2357 2619 2635 2696; x_wconf 87' lang='lat' dir='ltr'><strong>propter</strong></span> 
     </span>
     <span class='ocr_line' id='line_1_23' title="bbox 453 2713 2635 2800; baseline 0 -24"><span class='ocrx_word' id='word_1_197' title='bbox 453 2713 952 2778; x_wconf 87' lang='lat' dir='ltr'><strong>similitudinem</strong></span> <span class='ocrx_word' id='word_1_198' title='bbox 983 2715 1304 2780; x_wconf 85' lang='lat' dir='ltr'><strong>sermonis</strong></span> <span class='ocrx_word' id='word_1_199' title='bbox 1331 2717 1427 2780; x_wconf 85' lang='lat' dir='ltr'><strong>ita</strong></span> <span class='ocrx_word' id='word_1_200' title='bbox 1455 2715 1703 2800; x_wconf 85' lang='lat' dir='ltr'><strong>abjecti</strong></span> <span class='ocrx_word' id='word_1_201' title='bbox 1735 2720 1915 2791; x_wconf 88' lang='lat' dir='ltr'><strong>sunt,</strong></span> <span class='ocrx_word' id='word_1_202' title='bbox 1964 2723 2041 2778; x_wconf 90' lang='lat' dir='ltr'><strong>ut</strong></span> <span class='ocrx_word' id='word_1_203' title='bbox 2068 2731 2539 2796; x_wconf 81' lang='lat' dir='ltr'><strong>nonnunquam</strong></span> <span class='ocrx_word' id='word_1_204' title='bbox 2566 2713 2635 2776; x_wconf 89' lang='lat' dir='ltr'><strong>in</strong></span> 
     </span>
     <span class='ocr_line' id='line_1_24' title="bbox 443 2813 2631 2899; baseline -0 -21"><span class='ocrx_word' id='word_1_205' title='bbox 443 2814 550 2878; x_wconf 84' lang='lat' dir='ltr'><strong>his</strong></span> <span class='ocrx_word' id='word_1_206' title='bbox 605 2835 918 2881; x_wconf 89' lang='lat' dir='ltr'><strong>numerus</strong></span> <span class='ocrx_word' id='word_1_207' title='bbox 948 2813 1018 2880; x_wconf 87' lang='lat' dir='ltr'><strong>et</strong></span> <span class='ocrx_word' id='word_1_208' title='bbox 1049 2834 1278 2880; x_wconf 83' lang='lat' dir='ltr'><strong>versus</strong></span> <span class='ocrx_word' id='word_1_209' title='bbox 1326 2819 1448 2880; x_wconf 80' lang='lat' dir='ltr'><strong>vix</strong></span> <span class='ocrx_word' id='word_1_210' title='bbox 1489 2816 1781 2897; x_wconf 86' lang='lat' dir='ltr'><strong>intelligi</strong></span> <span class='ocrx_word' id='word_1_211' title='bbox 1828 2818 2071 2898; x_wconf 89' lang='lat' dir='ltr'><strong>possit,</strong></span> <span class='ocrx_word' id='word_1_212' title='bbox 2121 2814 2309 2899; x_wconf 91' lang='lat' dir='ltr'><strong>quid,</strong></span> <span class='ocrx_word' id='word_1_213' title='bbox 2364 2814 2631 2891; x_wconf 87' lang='lat' dir='ltr'><strong>amabo,</strong></span> 
     </span>
     <span class='ocr_line' id='line_1_25' title="bbox 451 2913 2633 3001; baseline -0 -21"><span class='ocrx_word' id='word_1_214' title='bbox 451 2917 608 2980; x_wconf 87' lang='lat' dir='ltr'><strong>aliis</strong></span> <span class='ocrx_word' id='word_1_215' title='bbox 669 2913 1052 2982; x_wconf 78' lang='lat' dir='ltr'><strong>Carminum</strong></span> <span class='ocrx_word' id='word_1_216' title='bbox 1105 2917 1474 3000; x_wconf 69' lang='lat' dir='ltr'><strong>generibuS,</strong></span> <span class='ocrx_word' id='word_1_217' title='bbox 1512 2919 1755 3001; x_wconf 88' lang='lat' dir='ltr'><strong>quibus</strong></span> <span class='ocrx_word' id='word_1_218' title='bbox 1802 2916 2161 2981; x_wconf 77' lang='lat' dir='ltr'><strong>Comoedia</strong></span> <span class='ocrx_word' id='word_1_219' title='bbox 2216 2916 2457 2982; x_wconf 82' lang='lat' dir='ltr'><strong>referta</strong></span> <span class='ocrx_word' id='word_1_220' title='bbox 2508 2921 2633 2991; x_wconf 87' lang='lat' dir='ltr'><strong>est,</strong></span> 
     </span>
     <span class='ocr_line' id='line_1_26' title="bbox 453 3016 2637 3101; baseline -0.001 -21"><span class='ocrx_word' id='word_1_221' title='bbox 453 3017 570 3081; x_wconf 83' lang='lat' dir='ltr'><strong>fiet</strong></span> <span class='ocrx_word' id='word_1_222' title='bbox 589 3019 620 3081; x_wconf 69' lang='grc' dir='ltr'><strong>’ἒ</strong></span> <span class='ocrx_word' id='word_1_223' title='bbox 737 3017 1069 3083; x_wconf 86' lang='lat' dir='ltr'><strong>Viderunt</strong></span> <span class='ocrx_word' id='word_1_224' title='bbox 1139 3019 1234 3095; x_wconf 88' lang='lat' dir='ltr'><strong>id,</strong></span> <span class='ocrx_word' id='word_1_225' title='bbox 1287 3019 1406 3101; x_wconf 90' lang='lat' dir='ltr'><strong>qui</strong></span> <span class='ocrx_word' id='word_1_226' title='bbox 1435 3017 1853 3100; x_wconf 83' lang='lat' dir='ltr'><strong>temporibus</strong></span> <span class='ocrx_word' id='word_1_227' title='bbox 1917 3016 2255 3079; x_wconf 83' lang='lat' dir='ltr'><strong>Prisciani</strong></span> <span class='ocrx_word' id='word_1_228' title='bbox 2302 3024 2517 3080; x_wconf 86' lang='lat' dir='ltr'><strong>metra</strong></span> <span class='ocrx_word' id='word_1_229' title='bbox 2566 3018 2637 3079; x_wconf 87' lang='lat' dir='ltr'><strong>iu</strong></span> 
     </span>
     <span class='ocr_line' id='line_1_27' title="bbox 451 3113 2635 3199; baseline -0.002 -17"><span class='ocrx_word' id='word_1_230' title='bbox 451 3115 747 3182; x_wconf 85' lang='lat' dir='ltr'><strong>Terentii</strong></span> <span class='ocrx_word' id='word_1_231' title='bbox 778 3117 1152 3184; x_wconf 74' lang='lat' dir='ltr'><strong>Comoediis</strong></span> <span class='ocrx_word' id='word_1_232' title='bbox 1183 3137 1332 3182; x_wconf 86' lang='lat' dir='ltr'><strong>esso</strong></span> <span class='ocrx_word' id='word_1_233' title='bbox 1369 3121 1707 3198; x_wconf 84' lang='lat' dir='ltr'><strong>negarunt.</strong></span> <span class='ocrx_word' id='word_1_234' title='bbox 1798 3114 2207 3199; x_wconf 82' lang='lat' dir='ltr'><strong>Quanquam</strong></span> <span class='ocrx_word' id='word_1_235' title='bbox 2248 3117 2401 3198; x_wconf 88' lang='lat' dir='ltr'><strong>quis</strong></span> <span class='ocrx_word' id='word_1_236' title='bbox 2450 3113 2517 3179; x_wconf 90' lang='lat' dir='ltr'><strong>id</strong></span> <span class='ocrx_word' id='word_1_237' title='bbox 2566 3116 2635 3180; x_wconf 90' lang='lat' dir='ltr'><strong>in</strong></span> 
     </span>
     <span class='ocr_line' id='line_1_28' title="bbox 447 3213 2637 3300; baseline -0.003 -16"><span class='ocrx_word' id='word_1_238' title='bbox 447 3221 833 3286; x_wconf 85' lang='lat' dir='ltr'><strong>universum</strong></span> <span class='ocrx_word' id='word_1_239' title='bbox 875 3219 1354 3286; x_wconf 63' lang='lat' dir='ltr'><strong>affirmaverit?</strong></span> <span class='ocrx_word' id='word_1_240' title='bbox 1449 3217 1693 3300; x_wconf 83' lang='lat' dir='ltr'><strong>Neque</strong></span> <span class='ocrx_word' id='word_1_241' title='bbox 1734 3224 1958 3282; x_wconf 86' lang='lat' dir='ltr'><strong>tamen</strong></span> <span class='ocrx_word' id='word_1_242' title='bbox 2012 3235 2167 3282; x_wconf 89' lang='lat' dir='ltr'><strong>cum</strong></span> <span class='ocrx_word' id='word_1_243' title='bbox 2216 3213 2637 3294; x_wconf 84' lang='lat' dir='ltr'><strong>Quintiliano</strong></span> 
     </span>
     <span class='ocr_line' id='line_1_29' title="bbox 451 3317 2641 3405; baseline -0 -21"><span class='ocrx_word' id='word_1_244' title='bbox 451 3321 608 3404; x_wconf 87' lang='lat' dir='ltr'><strong>plus</strong></span> <span class='ocrx_word' id='word_1_245' title='bbox 654 3323 886 3405; x_wconf 80' lang='lat' dir='ltr'><strong>gratiae</strong></span> <span class='ocrx_word' id='word_1_246' title='bbox 915 3322 1255 3387; x_wconf 89' lang='lat' dir='ltr'><strong>habituras</strong></span> <span class='ocrx_word' id='word_1_247' title='bbox 1285 3320 1494 3385; x_wconf 83' lang='lat' dir='ltr'><strong>fuisse</strong></span> <span class='ocrx_word' id='word_1_248' title='bbox 1525 3319 1946 3398; x_wconf 81' lang='lat' dir='ltr'><strong>crediderim,</strong></span> <span class='ocrx_word' id='word_1_249' title='bbox 1976 3319 2036 3383; x_wconf 91' lang='lat' dir='ltr'><strong>si</strong></span> <span class='ocrx_word' id='word_1_250' title='bbox 2062 3320 2243 3382; x_wconf 87' lang='lat' dir='ltr'><strong>intra</strong></span> <span class='ocrx_word' id='word_1_251' title='bbox 2261 3337 2495 3384; x_wconf 77' lang='lat' dir='ltr'><strong>versus</strong></span> <span class='ocrx_word' id='word_1_252' title='bbox 2526 3317 2641 3383; x_wconf 87' lang='lat' dir='ltr'><strong>tri-</strong></span> 
     </span>
     <span class='ocr_line' id='line_1_30' title="bbox 447 3418 2635 3503; baseline -0.002 -15"><span class='ocrx_word' id='word_1_253' title='bbox 447 3431 700 3488; x_wconf 89' lang='lat' dir='ltr'><strong>metros</strong></span> <span class='ocrx_word' id='word_1_254' title='bbox 727 3425 1088 3488; x_wconf 85' lang='lat' dir='ltr'><strong>stetissent.</strong></span> <span class='ocrx_word' id='word_1_255' title='bbox 1179 3422 1408 3489; x_wconf 84' lang='lat' dir='ltr'><strong>Grave</strong></span> <span class='ocrx_word' id='word_1_256' title='bbox 1439 3420 1907 3484; x_wconf 78' lang='lat' dir='ltr'><strong>enim.videtur</strong></span> <span class='ocrx_word' id='word_1_257' title='bbox 1927 3418 2229 3503; x_wconf 86' lang='lat' dir='ltr'><strong>judicare</strong></span> <span class='ocrx_word' id='word_1_258' title='bbox 2258 3419 2343 3482; x_wconf 87' lang='lat' dir='ltr'><strong>de</strong></span> <span class='ocrx_word' id='word_1_259' title='bbox 2373 3418 2635 3502; x_wconf 86' lang='lat' dir='ltr'><strong>judicio</strong></span> 
     </span>
     <span class='ocr_line' id='line_1_31' title="bbox 451 3520 2640 3607; baseline -0.002 -19"><span class='ocrx_word' id='word_1_260' title='bbox 451 3523 688 3589; x_wconf 86' lang='lat' dir='ltr'><strong>talium</strong></span> <span class='ocrx_word' id='word_1_261' title='bbox 715 3524 1055 3601; x_wconf 84' lang='lat' dir='ltr'><strong>Virorum,</strong></span> <span class='ocrx_word' id='word_1_262' title='bbox 1080 3525 1168 3588; x_wconf 87' lang='lat' dir='ltr'><strong>ad</strong></span> <span class='ocrx_word' id='word_1_263' title='bbox 1196 3541 1480 3607; x_wconf 86' lang='lat' dir='ltr'><strong>quorum</strong></span> <span class='ocrx_word' id='word_1_264' title='bbox 1511 3520 1860 3585; x_wconf 87' lang='lat' dir='ltr'><strong>scientiam</strong></span> <span class='ocrx_word' id='word_1_265' title='bbox 1892 3540 2043 3586; x_wconf 84' lang='lat' dir='ltr'><strong>cum</strong></span> <span class='ocrx_word' id='word_1_266' title='bbox 2070 3521 2137 3585; x_wconf 92' lang='lat' dir='ltr'><strong>in</strong></span> <span class='ocrx_word' id='word_1_267' title='bbox 2157 3520 2640 3604; x_wconf 58' lang='lat' dir='ltr'><strong>Poetica,3tum</strong></span> 
     </span>
     <span class='ocr_line' id='line_1_32' title="bbox 455 3622 2637 3707; baseline -0.004 -13"><span class='ocrx_word' id='word_1_268' title='bbox 455 3628 524 3694; x_wconf 82' lang='lat' dir='ltr'><strong>in</strong></span> <span class='ocrx_word' id='word_1_269' title='bbox 553 3626 772 3691; x_wconf 77' lang='lat' dir='ltr'><strong>Latini</strong></span> <span class='ocrx_word' id='word_1_270' title='bbox 803 3625 1126 3691; x_wconf 86' lang='lat' dir='ltr'><strong>sermonis</strong></span> <span class='ocrx_word' id='word_1_271' title='bbox 1156 3625 1518 3707; x_wconf 82' lang='lat' dir='ltr'><strong>elegantia,</strong></span> <span class='ocrx_word' id='word_1_272' title='bbox 1547 3627 1887 3706; x_wconf 85' lang='lat' dir='ltr'><strong>quotquot</strong></span> <span class='ocrx_word' id='word_1_273' title='bbox 1937 3629 2043 3686; x_wconf 90' lang='lat' dir='ltr'><strong>tot</strong></span> <span class='ocrx_word' id='word_1_274' title='bbox 2069 3622 2335 3706; x_wconf 88' lang='lat' dir='ltr'><strong>quidem</strong></span> <span class='ocrx_word' id='word_1_275' title='bbox 2360 3622 2637 3687; x_wconf 81' lang='lat' dir='ltr'><strong>saeculis</strong></span> 
     </span>
     <span class='ocr_line' id='line_1_33' title="bbox 455 3722 2641 3812; baseline -0.003 -18"><span class='ocrx_word' id='word_1_276' title='bbox 455 3732 613 3812; x_wconf 90' lang='lat' dir='ltr'><strong>post</strong></span> <span class='ocrx_word' id='word_1_277' title='bbox 631 3727 836 3790; x_wconf 87' lang='lat' dir='ltr'><strong>hasce</strong></span> <span class='ocrx_word' id='word_1_278' title='bbox 867 3727 1064 3792; x_wconf 87' lang='lat' dir='ltr'><strong>Artes</strong></span> <span class='ocrx_word' id='word_1_279' title='bbox 1095 3732 1488 3802; x_wconf 86' lang='lat' dir='ltr'><strong>tractarunt,</strong></span> <span class='ocrx_word' id='word_1_280' title='bbox 1521 3723 1653 3790; x_wconf 82' lang='lat' dir='ltr'><strong>‚vel</strong></span> <span class='ocrx_word' id='word_1_281' title='bbox 1698 3723 1905 3787; x_wconf 86' lang='lat' dir='ltr'><strong>etiam</strong></span> <span class='ocrx_word' id='word_1_282' title='bbox 1948 3742 2129 3788; x_wconf 87' lang='lat' dir='ltr'><strong>nnnc</strong></span> <span class='ocrx_word' id='word_1_283' title='bbox 2175 3729 2489 3798; x_wconf 88' lang='lat' dir='ltr'><strong>tractant,</strong></span> <span class='ocrx_word' id='word_1_284' title='bbox 2517 3722 2641 3788; x_wconf 79' lang='lat' dir='ltr'><strong>vix</strong></span> 
     </span>
     <span class='ocr_line' id='line_1_34' title="bbox 451 3823 2637 3912; baseline -0.004 -19"><span class='ocrx_word' id='word_1_285' title='bbox 451 3827 886 3912; x_wconf 88' lang='lat' dir='ltr'><strong>comparandi</strong></span> <span class='ocrx_word' id='word_1_286' title='bbox 913 3835 1093 3904; x_wconf 90' lang='lat' dir='ltr'><strong>sunt,</strong></span> <span class='ocrx_word' id='word_1_287' title='bbox 1115 3847 1202 3891; x_wconf 85' lang='lat' dir='ltr'><strong>ne</strong></span> <span class='ocrx_word' id='word_1_288' title='bbox 1221 3826 1382 3911; x_wconf 90' lang='lat' dir='ltr'><strong>quid</strong></span> <span class='ocrx_word' id='word_1_289' title='bbox 1413 3825 1679 3907; x_wconf 84' lang='lat' dir='ltr'><strong>gravius</strong></span> <span class='ocrx_word' id='word_1_290' title='bbox 1709 3823 1949 3886; x_wconf 88' lang='lat' dir='ltr'><strong>dicam.</strong></span> <span class='ocrx_word' id='word_1_291' title='bbox 2017 3825 2129 3888; x_wconf 87' lang='lat' dir='ltr'><strong>Ita</strong></span> <span class='ocrx_word' id='word_1_292' title='bbox 2156 3825 2357 3906; x_wconf 84' lang='lat' dir='ltr'><strong>igitur</strong></span> <span class='ocrx_word' id='word_1_293' title='bbox 2383 3826 2637 3900; x_wconf 88' lang='lat' dir='ltr'><strong>statuo,</strong></span> 
     </span>
     <span class='ocr_line' id='line_1_35' title="bbox 451 3921 2641 4007; baseline -0.005 -13"><span class='ocrx_word' id='word_1_294' title='bbox 451 3935 520 3994; x_wconf 87' lang='lat' dir='ltr'><strong>et</strong></span> <span class='ocrx_word' id='word_1_295' title='bbox 547 3949 858 3995; x_wconf 84' lang='lat' dir='ltr'><strong>arcannm</strong></span> <span class='ocrx_word' id='word_1_296' title='bbox 888 3927 1076 3992; x_wconf 75' lang='lat' dir='ltr'><strong>Artis</strong></span> <span class='ocrx_word' id='word_1_297' title='bbox 1103 3927 1404 3992; x_wconf 74' lang='lat' dir='ltr'><strong>Metricoe</strong></span> <span class='ocrx_word' id='word_1_298' title='bbox 1427 3925 1637 4007; x_wconf 86' lang='lat' dir='ltr'><strong>prisci</strong></span> <span class='ocrx_word' id='word_1_299' title='bbox 1666 3922 1851 3987; x_wconf 90' lang='lat' dir='ltr'><strong>illius</strong></span> <span class='ocrx_word' id='word_1_300' title='bbox 1883 3925 2015 3989; x_wconf 83' lang='lat' dir='ltr'><strong>aevi</strong></span> <span class='ocrx_word' id='word_1_301' title='bbox 2040 3925 2299 3990; x_wconf 89' lang='lat' dir='ltr'><strong>dudum</strong></span> <span class='ocrx_word' id='word_1_302' title='bbox 2344 3940 2496 3986; x_wconf 81' lang='lat' dir='ltr'><strong>esse</strong></span> <span class='ocrx_word' id='word_1_303' title='bbox 2526 3921 2641 3985; x_wconf 89' lang='lat' dir='ltr'><strong>de-</strong></span> 
     </span>
     <span class='ocr_line' id='line_1_36' title="bbox 451 4023 2639 4116; baseline -0.005 -20"><span class='ocrx_word' id='word_1_304' title='bbox 451 4031 810 4116; x_wconf 86' lang='lat' dir='ltr'><strong>perditum,</strong></span> <span class='ocrx_word' id='word_1_305' title='bbox 839 4038 908 4096; x_wconf 89' lang='lat' dir='ltr'><strong>et</strong></span> <span class='ocrx_word' id='word_1_306' title='bbox 934 4033 1166 4094; x_wconf 82' lang='lat' dir='ltr'><strong>versus</strong></span> <span class='ocrx_word' id='word_1_307' title='bbox 1194 4028 1511 4094; x_wconf 81' lang='lat' dir='ltr'><strong>Comicos</strong></span> <span class='ocrx_word' id='word_1_308' title='bbox 1548 4025 1818 4091; x_wconf 89' lang='lat' dir='ltr'><strong>omnino</strong></span> <span class='ocrx_word' id='word_1_309' title='bbox 1848 4025 1949 4090; x_wconf 89' lang='lat' dir='ltr'><strong>ita</strong></span> <span class='ocrx_word' id='word_1_310' title='bbox 1978 4027 2279 4109; x_wconf 87' lang='lat' dir='ltr'><strong>abjectos</strong></span> <span class='ocrx_word' id='word_1_311' title='bbox 2306 4043 2386 4088; x_wconf 91' lang='lat' dir='ltr'><strong>eo</strong></span> <span class='ocrx_word' id='word_1_312' title='bbox 2416 4023 2639 4088; x_wconf 87' lang='lat' dir='ltr'><strong>consi-</strong></span> 
     </span>
     <span class='ocr_line' id='line_1_37' title="bbox 449 4127 2637 4214; baseline -0.004 -16"><span class='ocrx_word' id='word_1_313' title='bbox 449 4134 569 4210; x_wconf 88' lang='lat' dir='ltr'><strong>lio,</strong></span> <span class='ocrx_word' id='word_1_314' title='bbox 599 4137 675 4198; x_wconf 87' lang='lat' dir='ltr'><strong>ut</strong></span> <span class='ocrx_word' id='word_1_315' title='bbox 702 4152 745 4197; x_wconf 92' lang='lat' dir='ltr'><strong>a</strong></span> <span class='ocrx_word' id='word_1_316' title='bbox 791 4150 1100 4196; x_wconf 83' lang='lat' dir='ltr'><strong>sermone</strong></span> <span class='ocrx_word' id='word_1_317' title='bbox 1143 4131 1396 4213; x_wconf 81' lang='lat' dir='ltr'><strong>vulgari</strong></span> <span class='ocrx_word' id='word_1_318' title='bbox 1443 4147 1677 4214; x_wconf 88' lang='lat' dir='ltr'><strong>parum</strong></span> <span class='ocrx_word' id='word_1_319' title='bbox 1728 4134 1845 4192; x_wconf 88' lang='lat' dir='ltr'><strong>aut</strong></span> <span class='ocrx_word' id='word_1_320' title='bbox 1900 4127 2063 4191; x_wconf 89' lang='lat' dir='ltr'><strong>nibil</strong></span> <span class='ocrx_word' id='word_1_321' title='bbox 2111 4127 2389 4202; x_wconf 87' lang='lat' dir='ltr'><strong>abirent,</strong></span> <span class='ocrx_word' id='word_1_322' title='bbox 2420 4143 2637 4207; x_wconf 89' lang='lat' dir='ltr'><strong>eoque</strong></span> 
     </span>
     <span class='ocr_line' id='line_1_38' title="bbox 451 4228 2639 4302; baseline -0.005 0"><span class='ocrx_word' id='word_1_323' title='bbox 451 4237 634 4302; x_wconf 84' lang='lat' dir='ltr'><strong>haud</strong></span> <span class='ocrx_word' id='word_1_324' title='bbox 665 4254 816 4301; x_wconf 85' lang='lat' dir='ltr'><strong>raro</strong></span> <span class='ocrx_word' id='word_1_325' title='bbox 845 4235 1294 4300; x_wconf 85' lang='lat' dir='ltr'><strong>miscerentur.</strong></span> <span class='ocrx_word' id='word_1_326' title='bbox 1365 4231 1596 4300; x_wconf 86' lang='lat' dir='ltr'><strong>Vitam</strong></span> <span class='ocrx_word' id='word_1_327' title='bbox 1627 4230 1801 4294; x_wconf 89' lang='lat' dir='ltr'><strong>enim</strong></span> <span class='ocrx_word' id='word_1_328' title='bbox 1833 4229 2071 4294; x_wconf 87' lang='lat' dir='ltr'><strong>imitati</strong></span> <span class='ocrx_word' id='word_1_329' title='bbox 2098 4230 2316 4296; x_wconf 84' lang='lat' dir='ltr'><strong>soluta</strong></span> <span class='ocrx_word' id='word_1_330' title='bbox 2344 4228 2639 4294; x_wconf 86' lang='lat' dir='ltr'><strong>oratione</strong></span> 
     </span>
    </p>
   </div>
  </div>
 </body>
</html>
