3234 4934
616 382 743 449 106
1010 397 1331 449 sommis
1378 398 1844 449 rnssononrcr
1897 398 2314 451 sannovAcr

697 540 815 608 Qui
842 538 917 599 de
938 539 1237 600 nominum
1265 538 1634 619 propriorum
1653 550 1852 621 etymo
1873 550 1934 600 et
1960 542 2438 623 interpretatione
2459 546 2632 626 plura
2653 552 2799 611 scire

613 636 794 709 volet,
816 635 955 696 huic
982 634 1291 695 adeundus
1318 645 1411 695 eat
1438 636 1716 716 Cratylus
1745 636 2036 699 Platonis.

693 732 977 792 Erasmus
1020 733 1083 791 in
1112 732 1552 793 Commentario
1580 731 1659 794 de
1706 735 1926 795 Rerum
1969 738 2154 816 Copia
2178 758 2192 795 ε
2237 738 2462 798 Comici
2505 741 2802 819 praecipue

612 828 951 890 varietatem
977 828 1039 887 in
1067 826 1332 907 ejusdem
1360 848 1597 909 quoque
1627 830 1859 908 generis
1884 832 2154 911 personis
2177 832 2485 892 affectasse
2509 832 2798 896 ¹uidentur.

612 922 775 992 Quid
804 925 961 985 enim
986 924 1355 999 dissimilius,
1388 944 1577 1006 quam
1624 927 1850 987 Demea
1879 946 1949 987 ac
1997 928 2171 988 Mitio
2215 928 2374 1007 apud
2418 928 2802 991 Terentium?

614 1020 878 1089 Quorum
904 1018 1002 1081 hic
1028 1040 1165 1081 cum
1192 1022 1370 1081 etiam
1416 1023 1758 1101 gravissime
1795 1022 1985 1085 filium
2031 1024 2324 1104 objurgat,
2369 1024 2627 1085 blandus
2671 1040 2797 1087 est:

610 1116 731 1190 ille,
754 1136 890 1178 cum
916 1115 1169 1177 maxime
1192 1116 1517 1193 blanditur,
1540 1119 1978 1181 amarulentus:
2009 1130 2069 1179 et
2093 1131 2292 1181 tamen
2319 1131 2566 1202 uterque
2596 1142 2800 1196 senex,

612 1224 791 1293 atque
818 1212 971 1274 adeo
995 1214 1227 1274 fratres.
1312 1214 1473 1284 Quid
1506 1214 1818 1289 diversius,
1845 1235 2023 1296 quam
2051 1216 2334 1279 Chremes
2365 1238 2594 1299 semper
2619 1220 2799 1299 placi-

611 1308 726 1369 dus
756 1328 827 1369 ac
854 1309 1063 1383 civilis,
1090 1321 1152 1370 et
1178 1309 1343 1369 Simo
1368 1310 1686 1372 vehemens
1715 1332 1786 1371 ac
1809 1312 2218 1392 suspiciosus?
2245 1314 2394 1375 Item
2419 1334 2597 1393 quam
2625 1314 2799 1374 Pam-

606 1406 807 1487 philus
854 1406 1155 1479 cordatus,
1201 1416 1264 1467 et
1307 1407 1601 1467 Charinus
1647 1406 1820 1487 inops
1849 1410 2028 1468 animi
2053 1410 2449 1493 consiliique?
2489 1410 2650 1479 Quid
2679 1420 2800 1471 tam

610 1502 918 1575 dissimile,
960 1522 1139 1583 quam
1180 1503 1459 1565 Phaedria
1484 1522 1620 1564 cum
1661 1505 1869 1565 morbo
1917 1522 2210 1584 pugnans,
2257 1517 2320 1567 et
2359 1506 2612 1568 Chaerea
2656 1506 2802 1566 nihil

608 1599 835 1659 habens
860 1600 1033 1679 pensi
1052 1599 1079 1659 2
1102 1600 1363 1661 Multum
1391 1601 1529 1661 item
1550 1601 1802 1661 interest
1825 1600 1977 1661 inter
2003 1600 2240 1662 Davum
2267 1603 2801 1681 pertinacissimum

612 1696 890 1775 sperandi
918 1706 1235 1769 auctorem,
1280 1706 1341 1757 et
1381 1697 1690 1777 Byrrhiam
1727 1696 1870 1757 nibil
1911 1705 2124 1776 praeter
2151 1697 2626 1776 desperationem
2655 1698 2799 1758 affe-

603 1801 853 1852 rentem.
935 1792 1257 1853 Plurimum
1279 1792 1437 1852 inter
1458 1792 1786 1873 parasitum
1813 1792 2216 1867 Gnathonem,
2249 1802 2316 1853 et
2341 1792 2756 1858 Phormionem
2783 1814 2799 1854 τ

607 1897 670 1949 et
696 1890 771 1951 ab
796 1901 1047 1969 utroque
1073 1888 1253 1971 longe
1279 1888 1572 1951 dissident
1592 1888 1837 1969 parasiti
1881 1889 2162 1962 Plautini,
2209 1889 2710 1969 quemadmodum
2735 1902 2802 1952 et

609 1983 786 2063 hujus
814 1988 1149 2047 meretrices
1196 2005 1235 2047 a
1274 1986 1644 2047 Terentianis
1689 1985 2008 2067 plurimum
2055 1985 2415 2067 discrepant.
2496 1986 2804 2048 Terentius

610 2082 944 2143 meretrices
971 2083 1397 2164 propemodum
1420 2086 1613 2146 bonas
1638 2083 1834 2162 fingit,
1852 2083 2037 2143 veluti
2065 2082 2328 2143 Philotin
2359 2092 2420 2142 et
2453 2082 2804 2144 Bacchidem

609 2178 671 2236 in
701 2177 972 2257 Hecyra:
1004 2179 1253 2241 Plautus
1282 2200 1455 2242 senes
1484 2194 1775 2253 amantes,
1803 2198 1876 2239 ac
1902 2180 2170 2251 festivos,
2191 2188 2256 2238 et
2273 2179 2555 2239 uxoribus
2575 2190 2806 2239 vetera·

611 2274 759 2336 torie
799 2274 1168 2359 imponentes
1194 2297 1210 2337 ε
1252 2296 1591 2356 quanquam
1620 2276 1770 2336 alias
1801 2276 2144 2335 Euclionem
2175 2273 2511 2354 prodigiose
2535 2282 2806 2339 tenacem

608 2388 683 2431 ac
712 2370 1103 2451 suspiciosum
1128 2370 1292 2433 facit.
1378 2374 1688 2433 Hactenus
1719 2372 2020 2433 Erasmus.

690 2468 927 2529 Andros
954 2468 1151 2527 insula
1175 2478 1291 2541 est,
1318 2487 1439 2529 una
1458 2488 1535 2528 ex
1553 2466 1942 2547 Cycladibus,
1964 2467 2026 2526 in
2049 2465 2205 2527 Mari
2225 2465 2456 2545 Q,
2477 2466 2552 2525 ab
2575 2464 2802 2539 Andro,

610 2562 748 2622 Anii
774 2563 918 2637 filio,
947 2566 1135 2644 quiin
1164 2584 1237 2627 ea
1256 2566 1552 2644 reg-navit,
1581 2582 1797 2626 nomen
1825 2563 2052 2624 sortita.
2123 2562 2306 2623 Porro
2335 2562 2606 2642 AEgoeum
2635 2562 2803 2622 Mare

610 2657 788 2719 hodie
816 2661 1014 2721 nautis
1042 2662 1221 2741 vulgo
1244 2661 1465 2723 dicitur
1492 2660 1801 2739 Archipel,
1833 2657 2133 2717 nonnullis
2163 2658 2590 2737 Archipelago.
2683 2659 2806 2715 An-

610 2754 751 2816 drus
780 2774 943 2815 nunc
970 2756 1182 2818 iisdem
1205 2766 1451 2817 vocatur
1471 2754 1698 2827 Andro,
1728 2754 2024 2835 plerisque
2044 2752 2290 2812 Andria.
2375 2752 2534 2811 Hinc
2559 2751 2806 2830 adjecti-

608 2870 749 2911 vum
786 2853 1071 2926 Andr-ius,
1120 2852 1281 2913 unde
1308 2862 1371 2912 et
1392 2852 1530 2911 huic
1560 2850 1806 2911 Fabulae
1829 2870 2064 2911 nomen.
2149 2850 2392 2921 AEneas,
2441 2848 2524 2908 ait
2553 2846 2806 2907 Lactan-

610 2947 751 3019 tius,
798 2968 935 3009 cum
976 2961 1145 3029 patre
1186 2948 1449 3009 Anchise
1494 2958 1557 3009 et
1589 2948 1717 3009 filio
1744 2947 2005 3008 Ascanio
2049 2946 2337 3027 profugus
2383 2944 2596 3005 Delum
2623 2944 2805 3004 venit.

614 3045 731 3105 Hic
757 3046 833 3105 ab
863 3046 1040 3119 Anio,
1070 3044 1379 3106 sacerdote
1408 3044 1727 3124 Apollinis,
1755 3044 2032 3123 recipitur
2055 3042 2337 3123 hospitio,
2385 3040 2486 3121 qui
2511 3039 2630 3100 illis
2655 3038 2808 3098 indi-

610 3151 731 3213 cat,
760 3142 1021 3221 quiuque
1046 3162 1115 3202 se
1138 3142 1391 3202 filiarum
1418 3151 1720 3221 parentem
1749 3142 1956 3199 orbum
1981 3138 2267 3197 relictum.
2333 3136 2604 3195 Andrum
2629 3136 2807 3208 enim,

612 3255 651 3297 a
678 3258 797 3317 quo
823 3237 1061 3298 Andros
1087 3238 1305 3311 insula,
1334 3237 1642 3315 reliquisse
1666 3235 1937 3315 patriam,
1959 3239 2074 3295 dte.
2130 3230 2382 3295 Ovidius
2409 3231 2556 3293 libro
2579 3228 2808 3291 decimo

613 3335 784 3395 sertio
813 3334 1205 3414 Metamorph.
1234 3334 1311 3395 de
1339 3334 1530 3394 AEnea
1553 3332 1842 3414 loquens:

774 3462 955 3523 Hunc
981 3463 1193 3536 Anius,
1220 3482 1339 3542 quo
1370 3482 1505 3542 rege
1532 3460 1820 3533 homines,
1849 3458 2112 3519 antistite
2139 3452 2404 3515 Phoebus

777 3558 913 3621 Rite
940 3558 1265 3633 colebatur,
1294 3558 1635 3638 temploque
1663 3556 1956 3635 domoque
1983 3552 2223 3632 recepit.

616 3702 827 3785 Virgil.
854 3722 1093 3785 quoque
1119 3703 1270 3765 libro
1296 3702 1471 3765 tertio
1500 3700 1732 3763 AEneid.
1762 3701 1840 3761 de
1865 3699 2063 3760 insula
2091 3698 2245 3759 Delo
2271 3697 2452 3757 verba
2479 3695 2704 3757 faciens
2731 3712 2748 3753 ε

1196 3816 1438 3898 Egressi
1463 3832 1807 3877 veneramur
1835 3811 2128 3892 Apollinis
2155 3810 2383 3869 urbem.

780 3914 913 3974 Rex
939 3912 1151 3987 Anius,
1190 3934 1293 3975 rex
1320 3912 1477 3974 idem
1504 3912 1830 3983 hominum,
1856 3906 2181 3987 Phoebique
2209 3900 2511 3972 sacerdos,

778 4010 958 4072 Vittis
986 4019 1050 4071 et
1074 4029 1244 4071 sacra
1269 4010 1570 4071 redimitus
1599 4016 1870 4087 tempora
1892 4004 2058 4065 lauro

777 4107 1088 4168 Occurrit:
1132 4116 1387 4167 veterem
1414 4104 1717 4165 Anchisen
1751 4102 2024 4182 agnoscit
2047 4098 2322 4159 amicum.

776 4204 813 4263 J
818 4205 1095 4283 ungimus
1116 4202 1377 4284 hospitio
1403 4201 1666 4276 dextras,
1696 4208 1762 4261 et
1787 4206 1948 4260 tecta
1973 4195 2253 4259 subimus.
