<?xml version="1.0" encoding="UTF-8"?>
<!DOCTYPE html PUBLIC "-//W3C//DTD XHTML 1.0 Transitional//EN"
    "http://www.w3.org/TR/xhtml1/DTD/xhtml1-transitional.dtd">
<html xmlns="http://www.w3.org/1999/xhtml" xml:lang="en" lang="en">
 <head>
  <title>
</title>
<meta http-equiv="Content-Type" content="text/html;charset=utf-8" />
  <meta name='ocr-system' content='tesseract 3.04.00' />
  <meta name='ocr-capabilities' content='ocr_page ocr_carea ocr_par ocr_line ocrx_word'/>
</head>
<body>
  <div class='ocr_page' id='page_1' title='image "./comoedisex10westgoog_0134.png"; bbox 0 0 3234 4934; ppageno 0'>
   <div class='ocr_carea' id='block_1_1' title="bbox 582 375 2223 457">
    <p class='ocr_par' dir='ltr' id='par_1_1' title="bbox 582 375 2223 457">
     <span class='ocr_line' id='line_1_1' title="bbox 582 375 2223 457; baseline 0 -2"><span class='ocrx_word' id='word_1_1' title='bbox 582 388 711 457; x_wconf 78' lang='lat'>124</span> <span class='ocrx_word' id='word_1_2' title='bbox 871 375 887 390; x_wconf 83' lang='lat'><strong><em>‘</em></strong></span> <span class='ocrx_word' id='word_1_3' title='bbox 1188 403 1286 453; x_wconf 75' lang='lat' dir='ltr'>nx</span> <span class='ocrx_word' id='word_1_4' title='bbox 1341 404 1638 454; x_wconf 63' lang='lat' dir='ltr'>suasuro</span> <span class='ocrx_word' id='word_1_5' title='bbox 1687 404 2223 455; x_wconf 65' lang='lat' dir='ltr'>noranonauo.</span> 
     </span>
    </p>
   </div>
   <div class='ocr_carea' id='block_1_2' title="bbox 579 546 2762 1111">
    <p class='ocr_par' dir='ltr' id='par_1_2' title="bbox 579 546 2762 1111">
     <span class='ocr_line' id='line_1_2' title="bbox 579 546 2762 629; baseline 0.001 -22"><span class='ocrx_word' id='word_1_6' title='bbox 579 548 789 627; x_wconf 79' lang='lat' dir='ltr'>plexus</span> <span class='ocrx_word' id='word_1_7' title='bbox 817 556 911 606; x_wconf 81' lang='lat' dir='ltr'>est</span> <span class='ocrx_word' id='word_1_8' title='bbox 934 546 1053 607; x_wconf 77' lang='lat' dir='ltr'>ita:</span> <span class='ocrx_word' id='word_1_9' title='bbox 1094 546 1281 623; x_wconf 73' lang='lat' dir='ltr'>Plyeu</span> <span class='ocrx_word' id='word_1_10' title='bbox 1312 550 1481 607; x_wconf 71' lang='grc' dir='ltr'><strong><em>αὐτοῦ</em></strong></span> <span class='ocrx_word' id='word_1_11' title='bbox 1514 550 1606 607; x_wconf 77' lang='grc' dir='ltr'>καὶ</span> <span class='ocrx_word' id='word_1_12' title='bbox 1654 547 2004 629; x_wconf 72' lang='grc' dir='ltr'>Ἀρχίλοχος</span> <span class='ocrx_word' id='word_1_13' title='bbox 2031 548 2240 623; x_wconf 72' lang='grc' dir='ltr'><strong><em>Πάριος</em></strong></span> <span class='ocrx_word' id='word_1_14' title='bbox 2285 553 2423 609; x_wconf 71' lang='grc' dir='ltr'>κατὰ</span> <span class='ocrx_word' id='word_1_15' title='bbox 2452 549 2551 609; x_wconf 75' lang='grc' dir='ltr'>τὸν</span> <span class='ocrx_word' id='word_1_16' title='bbox 2591 550 2762 609; x_wconf 68' lang='grc' dir='ltr'>αὺτὸν</span> 
     </span>
     <span class='ocr_line' id='line_1_3' title="bbox 580 642 2760 725; baseline 0.001 -21"><span class='ocrx_word' id='word_1_17' title='bbox 580 648 788 725; x_wconf 77' lang='grc' dir='ltr'><strong><em>χρόνον</em></strong></span> <span class='ocrx_word' id='word_1_18' title='bbox 813 648 1061 719; x_wconf 70' lang='grc' dir='ltr'><strong><em>’γεγονὼς</em></strong></span> <span class='ocrx_word' id='word_1_19' title='bbox 1087 645 1407 721; x_wconf 70' lang='grc' dir='ltr'><strong><em>ὑπέμνησεν</em></strong></span> <span class='ocrx_word' id='word_1_20' title='bbox 1434 642 1624 723; x_wconf 69' lang='grc' dir='ltr'><strong><em>ἰάμβῳ</em></strong></span> <span class='ocrx_word' id='word_1_21' title='bbox 1650 649 1931 723; x_wconf 67' lang='grc' dir='ltr'>τριμέτρῳ.</span> <span class='ocrx_word' id='word_1_22' title='bbox 2013 642 2288 703; x_wconf 80' lang='lat' dir='ltr'><strong>Meminit</strong></span> <span class='ocrx_word' id='word_1_23' title='bbox 2331 654 2525 703; x_wconf 75' lang='lat' dir='ltr'>autem</span> <span class='ocrx_word' id='word_1_24' title='bbox 2555 663 2760 706; x_wconf 66' lang='lat' dir='ltr'>versut</span> 
     </span>
     <span class='ocr_line' id='line_1_4' title="bbox 580 738 2760 821; baseline 0.001 -22"><span class='ocrx_word' id='word_1_25' title='bbox 580 740 707 819; x_wconf 84' lang='lat' dir='ltr'>ejus</span> <span class='ocrx_word' id='word_1_26' title='bbox 738 738 1098 812; x_wconf 67' lang='lat' dir='ltr'>Herodotum,</span> <span class='ocrx_word' id='word_1_27' title='bbox 1141 759 1312 818; x_wconf 86' lang='lat' dir='ltr'>quem</span> <span class='ocrx_word' id='word_1_28' title='bbox 1354 738 1632 819; x_wconf 77' lang='lat' dir='ltr'>applicui,</span> <span class='ocrx_word' id='word_1_29' title='bbox 1666 738 1764 799; x_wconf 81' lang='grc' dir='ltr'>Ὧι</span> <span class='ocrx_word' id='word_1_30' title='bbox 1789 749 1931 818; x_wconf 73' lang='grc' dir='ltr'>μήτε</span> <span class='ocrx_word' id='word_1_31' title='bbox 1976 740 2025 799; x_wconf 88' lang='grc' dir='ltr'>Γ</span> <span class='ocrx_word' id='word_1_32' title='bbox 2024 747 2160 816; x_wconf 70' lang='lat' dir='ltr'>lys-u</span> <span class='ocrx_word' id='word_1_33' title='bbox 2197 741 2555 821; x_wconf 75' lang='grc' dir='ltr'><strong><em>πολυχρῦσου</em></strong></span> <span class='ocrx_word' id='word_1_34' title='bbox 2577 746 2760 819; x_wconf 70' lang='grc' dir='ltr'><strong><em>μέλει.</em></strong></span> 
     </span>
     <span class='ocr_line' id='line_1_5' title="bbox 582 834 2762 898; baseline 0.002 -5"><span class='ocrx_word' id='word_1_35' title='bbox 582 836 659 893; x_wconf 90' lang='lat' dir='ltr'>Et</span> <span class='ocrx_word' id='word_1_36' title='bbox 683 834 971 895; x_wconf 85' lang='lat' dir='ltr'>hactenus</span> <span class='ocrx_word' id='word_1_37' title='bbox 1000 834 1076 895; x_wconf 92' lang='lat' dir='ltr'>de</span> <span class='ocrx_word' id='word_1_38' title='bbox 1092 835 1439 896; x_wconf 83' lang='lat' dir='ltr'>catalectico</span> <span class='ocrx_word' id='word_1_39' title='bbox 1467 836 1728 896; x_wconf 82' lang='lat' dir='ltr'>trimetro</span> <span class='ocrx_word' id='word_1_40' title='bbox 1745 836 1991 898; x_wconf 88' lang='lat' dir='ltr'>dictum.</span> <span class='ocrx_word' id='word_1_41' title='bbox 2071 838 2162 896; x_wconf 91' lang='lat' dir='ltr'>De</span> <span class='ocrx_word' id='word_1_42' title='bbox 2180 846 2500 896; x_wconf 86' lang='lat' dir='ltr'>octometro</span> <span class='ocrx_word' id='word_1_43' title='bbox 2525 836 2762 897; x_wconf 87' lang='lat' dir='ltr'>Boiscio</span> 
     </span>
     <span class='ocr_line' id='line_1_6' title="bbox 580 930 2760 1014; baseline 0.001 -25"><span class='ocrx_word' id='word_1_44' title='bbox 580 930 736 991; x_wconf 89' lang='lat' dir='ltr'>idem</span> <span class='ocrx_word' id='word_1_45' title='bbox 759 932 842 991; x_wconf 87' lang='lat' dir='ltr'>sic</span> <span class='ocrx_word' id='word_1_46' title='bbox 866 930 1041 991; x_wconf 82' lang='lat' dir='ltr'>dixit:</span> <span class='ocrx_word' id='word_1_47' title='bbox 1061 931 1465 992; x_wconf 87' lang='lat' dir='ltr'>Octometrum</span> <span class='ocrx_word' id='word_1_48' title='bbox 1480 934 1888 994; x_wconf 74' lang='lat' dir='ltr'>catalecticum</span> <span class='ocrx_word' id='word_1_49' title='bbox 1911 934 2070 1014; x_wconf 90' lang='lat' dir='ltr'>quod</span> <span class='ocrx_word' id='word_1_50' title='bbox 2091 932 2420 1013; x_wconf 86' lang='lat' dir='ltr'>appellatur</span> <span class='ocrx_word' id='word_1_51' title='bbox 2439 933 2760 995; x_wconf 87' lang='lat' dir='ltr'>Boiscium.</span> 
     </span>
     <span class='ocr_line' id='line_1_7' title="bbox 581 1016 2759 1111; baseline 0.002 -26"><span class='ocrx_word' id='word_1_52' title='bbox 581 1028 831 1100; x_wconf 72' lang='grc' dir='ltr'><strong><em>Βοΐσκος,</em></strong></span> <span class='ocrx_word' id='word_1_53' title='bbox 859 1031 889 1087; x_wconf 84' lang='grc' dir='ltr'>ὃ</span> <span class='ocrx_word' id='word_1_54' title='bbox 918 1030 1328 1110; x_wconf 45' lang='grc' dir='ltr'>ἅπό,Κνέικοῦ,</span> <span class='ocrx_word' id='word_1_55' title='bbox 1366 1029 1574 1089; x_wconf 70' lang='grc' dir='ltr'><strong><em>παντὸς</em></strong></span> <span class='ocrx_word' id='word_1_56' title='bbox 1602 1030 1847 1111; x_wconf 71' lang='grc' dir='ltr'>γραφεὺς</span> <span class='ocrx_word' id='word_1_57' title='bbox 1883 1038 2204 1109; x_wconf 70' lang='grc' dir='ltr'><strong><em>ποιήματος,</em></strong></span> <span class='ocrx_word' id='word_1_58' title='bbox 2248 1030 2346 1089; x_wconf 76' lang='grc' dir='ltr'>τὸν</span> <span class='ocrx_word' id='word_1_59' title='bbox 2373 1016 2645 1093; x_wconf 54' lang='lat' dir='ltr'>duras-ow</span> <span class='ocrx_word' id='word_1_60' title='bbox 2667 1032 2759 1089; x_wconf 67' lang='grc' dir='ltr'>εὖ·</span> 
     </span>
    </p>
   </div>
   <div class='ocr_carea' id='block_1_3' title="bbox 576 1123 2456 1430">
    <p class='ocr_par' dir='ltr' id='par_1_3' title="bbox 576 1123 2456 1430">
     <span class='ocr_line' id='line_1_8' title="bbox 576 1123 1567 1205; baseline 0.004 -23"><span class='ocrx_word' id='word_1_61' title='bbox 576 1126 691 1198; x_wconf 67' lang='lat' dir='ltr'>prbr</span> <span class='ocrx_word' id='word_1_62' title='bbox 720 1131 921 1205; x_wconf 71' lang='grc' dir='ltr'><strong><em>στίχον</em></strong></span> <span class='ocrx_word' id='word_1_63' title='bbox 946 1124 1132 1205; x_wconf 59' lang='grc' dir='ltr'><strong><em>Φοίβῳ</em></strong></span> <span class='ocrx_word' id='word_1_64' title='bbox 1161 1130 1344 1198; x_wconf 76' lang='grc' dir='ltr'>τίθησι</span> <span class='ocrx_word' id='word_1_65' title='bbox 1371 1123 1567 1204; x_wconf 78' lang='grc' dir='ltr'><strong><em>δῶρον.</em></strong></span> 
     </span>
     <span class='ocr_line' id='line_1_9' title="bbox 746 1252 2168 1332; baseline 0.001 -22"><span class='ocrx_word' id='word_1_66' title='bbox 746 1252 994 1313; x_wconf 87' lang='lat' dir='ltr'>Boiscus</span> <span class='ocrx_word' id='word_1_67' title='bbox 1022 1254 1134 1312; x_wconf 87' lang='lat' dir='ltr'>iste</span> <span class='ocrx_word' id='word_1_68' title='bbox 1163 1253 1379 1332; x_wconf 84' lang='lat' dir='ltr'>Cyzico</span> <span class='ocrx_word' id='word_1_69' title='bbox 1406 1252 1542 1312; x_wconf 82' lang='lat' dir='ltr'>novi</span> <span class='ocrx_word' id='word_1_70' title='bbox 1570 1264 1832 1332; x_wconf 83' lang='lat' dir='ltr'>repertor</span> <span class='ocrx_word' id='word_1_71' title='bbox 1853 1252 2129 1312; x_wconf 81' lang='lat' dir='ltr'>carminis</span> <span class='ocrx_word' id='word_1_72' title='bbox 2153 1272 2168 1312; x_wconf 72' lang='grc' dir='ltr'><strong>ε</strong></span> 
     </span>
     <span class='ocr_line' id='line_1_10' title="bbox 741 1348 2456 1430; baseline 0.001 -23"><span class='ocrx_word' id='word_1_73' title='bbox 741 1348 895 1408; x_wconf 87' lang='lat' dir='ltr'>Nam</span> <span class='ocrx_word' id='word_1_74' title='bbox 924 1348 1142 1429; x_wconf 88' lang='lat' dir='ltr'>primus</span> <span class='ocrx_word' id='word_1_75' title='bbox 1170 1368 1403 1409; x_wconf 83' lang='lat' dir='ltr'>versum</span> <span class='ocrx_word' id='word_1_76' title='bbox 1434 1360 1712 1409; x_wconf 89' lang='lat' dir='ltr'>octonum</span> <span class='ocrx_word' id='word_1_77' title='bbox 1741 1349 1955 1430; x_wconf 87' lang='lat' dir='ltr'>pedum</span> <span class='ocrx_word' id='word_1_78' title='bbox 1977 1349 2111 1410; x_wconf 90' lang='lat' dir='ltr'>Deo</span> <span class='ocrx_word' id='word_1_79' title='bbox 2139 1348 2456 1411; x_wconf 78' lang='lat' dir='ltr'>dicaverat.</span> 
     </span>
    </p>
   </div>
   <div class='ocr_carea' id='block_1_4' title="bbox 526 1476 2762 2415">
    <p class='ocr_par' dir='ltr' id='par_1_4' title="bbox 526 1476 2762 2415">
     <span class='ocr_line' id='line_1_11' title="bbox 581 1476 2760 1557; baseline 0.001 -21"><span class='ocrx_word' id='word_1_80' title='bbox 581 1477 907 1537; x_wconf 88' lang='lat' dir='ltr'>Firmianus</span> <span class='ocrx_word' id='word_1_81' title='bbox 935 1476 1009 1536; x_wconf 87' lang='lat' dir='ltr'>ad</span> <span class='ocrx_word' id='word_1_82' title='bbox 1036 1477 1291 1538; x_wconf 89' lang='lat' dir='ltr'>Probum</span> <span class='ocrx_word' id='word_1_83' title='bbox 1314 1476 1390 1537; x_wconf 89' lang='lat' dir='ltr'>de</span> <span class='ocrx_word' id='word_1_84' title='bbox 1418 1479 1614 1537; x_wconf 87' lang='lat' dir='ltr'>metris</span> <span class='ocrx_word' id='word_1_85' title='bbox 1641 1476 2072 1537; x_wconf 85' lang='lat' dir='ltr'>Comoediarum</span> <span class='ocrx_word' id='word_1_86' title='bbox 2103 1478 2187 1536; x_wconf 90' lang='lat' dir='ltr'>sic</span> <span class='ocrx_word' id='word_1_87' title='bbox 2217 1478 2397 1539; x_wconf 85' lang='lat' dir='ltr'>dicit:</span> <span class='ocrx_word' id='word_1_88' title='bbox 2427 1478 2579 1538; x_wconf 89' lang='lat' dir='ltr'>Nam</span> <span class='ocrx_word' id='word_1_89' title='bbox 2597 1479 2760 1557; x_wconf 90' lang='lat' dir='ltr'>quod</span> 
     </span>
     <span class='ocr_line' id='line_1_12' title="bbox 575 1571 2758 1653; baseline 0 -20"><span class='ocrx_word' id='word_1_90' title='bbox 575 1574 652 1633; x_wconf 91' lang='lat' dir='ltr'>de</span> <span class='ocrx_word' id='word_1_91' title='bbox 670 1574 868 1633; x_wconf 90' lang='lat' dir='ltr'>metris</span> <span class='ocrx_word' id='word_1_92' title='bbox 882 1572 1312 1633; x_wconf 86' lang='lat' dir='ltr'>Comoediarum</span> <span class='ocrx_word' id='word_1_93' title='bbox 1329 1572 1644 1653; x_wconf 77' lang='lat' dir='ltr'>requisisti,</span> <span class='ocrx_word' id='word_1_94' title='bbox 1656 1584 1718 1634; x_wconf 89' lang='lat' dir='ltr'>et</span> <span class='ocrx_word' id='word_1_95' title='bbox 1732 1592 1846 1653; x_wconf 86' lang='lat' dir='ltr'>ego</span> <span class='ocrx_word' id='word_1_96' title='bbox 1862 1575 1987 1633; x_wconf 88' lang='lat' dir='ltr'>scio</span> <span class='ocrx_word' id='word_1_97' title='bbox 2003 1571 2286 1652; x_wconf 89' lang='lat' dir='ltr'>plurimos</span> <span class='ocrx_word' id='word_1_98' title='bbox 2303 1574 2632 1634; x_wconf 85' lang='lat' dir='ltr'>existimare</span> <span class='ocrx_word' id='word_1_99' title='bbox 2644 1575 2758 1635; x_wconf 90' lang='lat' dir='ltr'>Te·</span> 
     </span>
     <span class='ocr_line' id='line_1_13' title="bbox 578 1667 2759 1741; baseline 0 -12"><span class='ocrx_word' id='word_1_100' title='bbox 578 1674 877 1731; x_wconf 86' lang='lat' dir='ltr'>rentianas</span> <span class='ocrx_word' id='word_1_101' title='bbox 894 1669 987 1731; x_wconf 81' lang='lat' dir='ltr'>vel</span> <span class='ocrx_word' id='word_1_102' title='bbox 1004 1670 1251 1729; x_wconf 84' lang='lat' dir='ltr'>maxime</span> <span class='ocrx_word' id='word_1_103' title='bbox 1267 1670 1499 1729; x_wconf 83' lang='lat' dir='ltr'>fabulas</span> <span class='ocrx_word' id='word_1_104' title='bbox 1518 1680 1765 1729; x_wconf 85' lang='lat' dir='ltr'>metrum</span> <span class='ocrx_word' id='word_1_105' title='bbox 1785 1688 1906 1728; x_wconf 90' lang='lat' dir='ltr'>non</span> <span class='ocrx_word' id='word_1_106' title='bbox 1925 1668 2140 1729; x_wconf 87' lang='lat' dir='ltr'>habere</span> <span class='ocrx_word' id='word_1_107' title='bbox 2163 1667 2484 1728; x_wconf 79' lang='lat' dir='ltr'>Comoediae</span> <span class='ocrx_word' id='word_1_108' title='bbox 2507 1667 2759 1741; x_wconf 79' lang='lat' dir='ltr'>Graecoe,</span> 
     </span>
     <span class='ocr_line' id='line_1_14' title="bbox 576 1762 2757 1845; baseline 0.001 -22"><span class='ocrx_word' id='word_1_109' title='bbox 576 1766 619 1826; x_wconf 88' lang='lat' dir='ltr'>i.</span> <span class='ocrx_word' id='word_1_110' title='bbox 652 1765 985 1839; x_wconf 85' lang='lat' dir='ltr'>Menandri,</span> <span class='ocrx_word' id='word_1_111' title='bbox 1029 1762 1414 1838; x_wconf 88' lang='lat' dir='ltr'>Philemonis,</span> <span class='ocrx_word' id='word_1_112' title='bbox 1445 1765 1688 1845; x_wconf 88' lang='lat' dir='ltr'>Diphili,</span> <span class='ocrx_word' id='word_1_113' title='bbox 1717 1765 1819 1845; x_wconf 89' lang='lat' dir='ltr'>qui</span> <span class='ocrx_word' id='word_1_114' title='bbox 1849 1765 2122 1825; x_wconf 86' lang='lat' dir='ltr'>trimetris</span> <span class='ocrx_word' id='word_1_115' title='bbox 2160 1764 2426 1824; x_wconf 82' lang='lat' dir='ltr'>versibus</span> <span class='ocrx_word' id='word_1_116' title='bbox 2461 1775 2757 1825; x_wconf 87' lang='lat' dir='ltr'>constant.</span> 
     </span>
     <span class='ocr_line' id='line_1_15' title="bbox 580 1859 2760 1941; baseline 0.002 -24"><span class='ocrx_word' id='word_1_117' title='bbox 580 1861 781 1921; x_wconf 78' lang='lat' dir='ltr'>Nostri</span> <span class='ocrx_word' id='word_1_118' title='bbox 830 1862 983 1920; x_wconf 87' lang='lat' dir='ltr'>enim</span> <span class='ocrx_word' id='word_1_119' title='bbox 1026 1860 1270 1921; x_wconf 80' lang='lat' dir='ltr'>Veteres</span> <span class='ocrx_word' id='word_1_120' title='bbox 1298 1862 1622 1922; x_wconf 81' lang='lat' dir='ltr'>Comoediae</span> <span class='ocrx_word' id='word_1_121' title='bbox 1673 1863 1982 1941; x_wconf 80' lang='lat' dir='ltr'>scriptores</span> <span class='ocrx_word' id='word_1_122' title='bbox 2025 1861 2086 1919; x_wconf 89' lang='lat' dir='ltr'>in</span> <span class='ocrx_word' id='word_1_123' title='bbox 2125 1859 2502 1921; x_wconf 84' lang='lat' dir='ltr'>modulandis</span> <span class='ocrx_word' id='word_1_124' title='bbox 2543 1861 2760 1921; x_wconf 80' lang='lat' dir='ltr'>fabulis</span> 
     </span>
     <span class='ocr_line' id='line_1_16' title="bbox 578 1954 2762 2037; baseline 0 -22"><span class='ocrx_word' id='word_1_125' title='bbox 578 1957 745 2037; x_wconf 86' lang='lat' dir='ltr'>sequi</span> <span class='ocrx_word' id='word_1_126' title='bbox 772 1956 1107 2017; x_wconf 86' lang='lat' dir='ltr'>maluerunt</span> <span class='ocrx_word' id='word_1_127' title='bbox 1152 1954 1447 2037; x_wconf 86' lang='lat' dir='ltr'>Eupolim,</span> <span class='ocrx_word' id='word_1_128' title='bbox 1477 1958 1806 2030; x_wconf 82' lang='lat' dir='ltr'>Cratinum,</span> <span class='ocrx_word' id='word_1_129' title='bbox 1849 1955 2326 2037; x_wconf 81' lang='lat' dir='ltr'>Aristophanem,</span> <span class='ocrx_word' id='word_1_130' title='bbox 2352 1966 2420 2017; x_wconf 89' lang='lat' dir='ltr'>ut</span> <span class='ocrx_word' id='word_1_131' title='bbox 2446 1956 2762 2036; x_wconf 79' lang='lat' dir='ltr'>proefatum</span> 
     </span>
     <span class='ocr_line' id='line_1_17' title="bbox 526 2052 2760 2133; baseline -0.002 -16"><span class='ocrx_word' id='word_1_132' title='bbox 526 2114 531 2117; x_wconf 87' lang='lat'>.</span> <span class='ocrx_word' id='word_1_133' title='bbox 577 2063 689 2117; x_wconf 81' lang='lat' dir='ltr'>est.</span> <span class='ocrx_word' id='word_1_134' title='bbox 746 2054 1091 2113; x_wconf 86' lang='lat' dir='ltr'>Mensuram</span> <span class='ocrx_word' id='word_1_135' title='bbox 1118 2072 1251 2114; x_wconf 82' lang='lat' dir='ltr'>esse</span> <span class='ocrx_word' id='word_1_136' title='bbox 1278 2052 1340 2111; x_wconf 90' lang='lat' dir='ltr'>in</span> <span class='ocrx_word' id='word_1_137' title='bbox 1368 2052 1603 2127; x_wconf 84' lang='lat' dir='ltr'>fabulis,</span> <span class='ocrx_word' id='word_1_138' title='bbox 1633 2054 1748 2114; x_wconf 88' lang='lat' dir='ltr'>boc</span> <span class='ocrx_word' id='word_1_139' title='bbox 1769 2064 1864 2113; x_wconf 89' lang='lat' dir='ltr'>est</span> <span class='ocrx_word' id='word_1_140' title='bbox 1884 2060 2113 2133; x_wconf 75' lang='grc' dir='ltr'>μέτρον,</span> <span class='ocrx_word' id='word_1_141' title='bbox 2144 2053 2421 2127; x_wconf 86' lang='lat' dir='ltr'>Terentii,</span> <span class='ocrx_word' id='word_1_142' title='bbox 2449 2063 2512 2113; x_wconf 89' lang='lat' dir='ltr'>et</span> <span class='ocrx_word' id='word_1_143' title='bbox 2537 2052 2760 2125; x_wconf 84' lang='lat' dir='ltr'>Plauti,</span> 
     </span>
     <span class='ocr_line' id='line_1_18' title="bbox 576 2148 2758 2229; baseline 0 -22"><span class='ocrx_word' id='word_1_144' title='bbox 576 2168 648 2210; x_wconf 86' lang='lat' dir='ltr'>ac</span> <span class='ocrx_word' id='word_1_145' title='bbox 674 2160 1001 2209; x_wconf 86' lang='lat' dir='ltr'>ceterorum</span> <span class='ocrx_word' id='word_1_146' title='bbox 1028 2149 1381 2209; x_wconf 87' lang='lat' dir='ltr'>comicorum</span> <span class='ocrx_word' id='word_1_147' title='bbox 1405 2160 1466 2209; x_wconf 91' lang='lat' dir='ltr'>et</span> <span class='ocrx_word' id='word_1_148' title='bbox 1484 2151 1840 2229; x_wconf 83' lang='lat' dir='ltr'>tragicorum</span> <span class='ocrx_word' id='word_1_149' title='bbox 1869 2150 2073 2210; x_wconf 87' lang='lat' dir='ltr'>dicant</span> <span class='ocrx_word' id='word_1_150' title='bbox 2097 2148 2192 2208; x_wconf 83' lang='lat' dir='ltr'>hi:</span> <span class='ocrx_word' id='word_1_151' title='bbox 2223 2148 2452 2227; x_wconf 86' lang='lat' dir='ltr'>Cicero,</span> <span class='ocrx_word' id='word_1_152' title='bbox 2476 2150 2758 2221; x_wconf 86' lang='lat' dir='ltr'>Scaurus,</span> 
     </span>
     <span class='ocr_line' id='line_1_19' title="bbox 576 2243 2758 2321; baseline -0 -18"><span class='ocrx_word' id='word_1_153' title='bbox 576 2243 927 2315; x_wconf 88' lang='lat' dir='ltr'>Firmianus,</span> <span class='ocrx_word' id='word_1_154' title='bbox 958 2244 1165 2318; x_wconf 89' lang='lat' dir='ltr'>Varro,</span> <span class='ocrx_word' id='word_1_155' title='bbox 1195 2245 1557 2321; x_wconf 88' lang='lat' dir='ltr'>Victorinus,</span> <span class='ocrx_word' id='word_1_156' title='bbox 1586 2247 1820 2306; x_wconf 81' lang='lat' dir='ltr'>Caesius</span> <span class='ocrx_word' id='word_1_157' title='bbox 1858 2246 2104 2318; x_wconf 85' lang='lat' dir='ltr'>Bassus,</span> <span class='ocrx_word' id='word_1_158' title='bbox 2131 2245 2539 2315; x_wconf 82' lang='lat' dir='ltr'>Terentianus,</span> <span class='ocrx_word' id='word_1_159' title='bbox 2567 2244 2758 2303; x_wconf 77' lang='lat' dir='ltr'>Coeci·</span> 
     </span>
     <span class='ocr_line' id='line_1_20' title="bbox 571 2338 2759 2415; baseline -0 -17"><span class='ocrx_word' id='word_1_160' title='bbox 571 2339 687 2399; x_wconf 85' lang='lat' dir='ltr'>lius</span> <span class='ocrx_word' id='word_1_161' title='bbox 734 2341 987 2412; x_wconf 87' lang='lat' dir='ltr'>Vindex,</span> <span class='ocrx_word' id='word_1_162' title='bbox 1046 2340 1319 2411; x_wconf 88' lang='lat' dir='ltr'>Sisenna,</span> <span class='ocrx_word' id='word_1_163' title='bbox 1370 2341 1585 2415; x_wconf 88' lang='lat' dir='ltr'>Cinna,</span> <span class='ocrx_word' id='word_1_164' title='bbox 1638 2340 1984 2411; x_wconf 86' lang='lat' dir='ltr'>Diomedes,</span> <span class='ocrx_word' id='word_1_165' title='bbox 2032 2339 2304 2411; x_wconf 87' lang='lat' dir='ltr'>Albinus,</span> <span class='ocrx_word' id='word_1_166' title='bbox 2334 2338 2759 2410; x_wconf 85' lang='lat' dir='ltr'>Quintilianus,</span> 
     </span>
    </p>
   </div>
   <div class='ocr_carea' id='block_1_5' title="bbox 574 2432 2870 2537">
    <p class='ocr_par' dir='ltr' id='par_1_5' title="bbox 574 2432 2870 2537">
     <span class='ocr_line' id='line_1_21' title="bbox 574 2432 2870 2537; baseline -0.001 -41"><span class='ocrx_word' id='word_1_167' title='bbox 574 2436 873 2513; x_wconf 81' lang='lat' dir='ltr'>Sosipater</span> <span class='ocrx_word' id='word_1_168' title='bbox 917 2433 1243 2505; x_wconf 88' lang='lat' dir='ltr'>Charisius,</span> <span class='ocrx_word' id='word_1_169' title='bbox 1288 2432 1576 2507; x_wconf 85' lang='lat' dir='ltr'>Helenus,</span> <span class='ocrx_word' id='word_1_170' title='bbox 1628 2436 1840 2514; x_wconf 86' lang='lat' dir='ltr'>Asper,</span> <span class='ocrx_word' id='word_1_171' title='bbox 1903 2433 2140 2495; x_wconf 81' lang='lat' dir='ltr'>Flavius</span> <span class='ocrx_word' id='word_1_172' title='bbox 2184 2435 2399 2515; x_wconf 85' lang='lat' dir='ltr'>Caper,</span> <span class='ocrx_word' id='word_1_173' title='bbox 2448 2434 2755 2507; x_wconf 83' lang='lat' dir='ltr'>Aruntius,</span> <span class='ocrx_word' id='word_1_174' title='bbox 2851 2520 2870 2537; x_wconf 28' lang='grc' dir='ltr'><em>ς</em></span> 
     </span>
    </p>
   </div>
   <div class='ocr_carea' id='block_1_6' title="bbox 575 2528 2540 2609">
    <p class='ocr_par' dir='ltr' id='par_1_6' title="bbox 575 2528 2540 2609">
     <span class='ocr_line' id='line_1_22' title="bbox 575 2528 2540 2609; baseline 0.001 -22"><span class='ocrx_word' id='word_1_175' title='bbox 575 2530 823 2603; x_wconf 87' lang='lat' dir='ltr'>Probus,</span> <span class='ocrx_word' id='word_1_176' title='bbox 848 2528 1076 2589; x_wconf 86' lang='lat' dir='ltr'>Plinius</span> <span class='ocrx_word' id='word_1_177' title='bbox 1107 2530 1454 2602; x_wconf 83' lang='lat' dir='ltr'>Evanthius,</span> <span class='ocrx_word' id='word_1_178' title='bbox 1484 2529 1774 2590; x_wconf 88' lang='lat' dir='ltr'>Sacerdos</span> <span class='ocrx_word' id='word_1_179' title='bbox 1801 2529 1902 2609; x_wconf 90' lang='lat' dir='ltr'>qui</span> <span class='ocrx_word' id='word_1_180' title='bbox 1930 2542 1990 2590; x_wconf 89' lang='lat' dir='ltr'>et</span> <span class='ocrx_word' id='word_1_181' title='bbox 2021 2530 2334 2603; x_wconf 87' lang='lat' dir='ltr'>Domatus,</span> <span class='ocrx_word' id='word_1_182' title='bbox 2362 2530 2540 2590; x_wconf 77' lang='lat' dir='ltr'>Juba.</span> 
     </span>
    </p>
   </div>
   <div class='ocr_carea' id='block_1_7' title="bbox 736 2673 2208 2850">
    <p class='ocr_par' dir='ltr' id='par_1_7' title="bbox 736 2673 2208 2850">
     <span class='ocr_line' id='line_1_23' title="bbox 736 2673 2083 2753; baseline 0.002 -23"><span class='ocrx_word' id='word_1_183' title='bbox 736 2673 885 2733; x_wconf 76' lang='lat' dir='ltr'>Haec</span> <span class='ocrx_word' id='word_1_184' title='bbox 915 2693 1029 2752; x_wconf 85' lang='lat' dir='ltr'>ego</span> <span class='ocrx_word' id='word_1_185' title='bbox 1058 2673 1308 2734; x_wconf 83' lang='lat' dir='ltr'>Rufinus</span> <span class='ocrx_word' id='word_1_186' title='bbox 1336 2674 1551 2752; x_wconf 88' lang='lat' dir='ltr'>collegi</span> <span class='ocrx_word' id='word_1_187' title='bbox 1578 2685 1776 2733; x_wconf 87' lang='lat' dir='ltr'>mente</span> <span class='ocrx_word' id='word_1_188' title='bbox 1799 2674 2083 2753; x_wconf 85' lang='lat' dir='ltr'>benigna,</span> 
     </span>
     <span class='ocr_line' id='line_1_24' title="bbox 815 2768 2208 2850; baseline 0.001 -22"><span class='ocrx_word' id='word_1_189' title='bbox 815 2768 1255 2849; x_wconf 85' lang='lat' dir='ltr'>Discipulisque</span> <span class='ocrx_word' id='word_1_190' title='bbox 1286 2769 1424 2829; x_wconf 90' lang='lat' dir='ltr'>dedi</span> <span class='ocrx_word' id='word_1_191' title='bbox 1450 2787 1691 2829; x_wconf 87' lang='lat' dir='ltr'>munera</span> <span class='ocrx_word' id='word_1_192' title='bbox 1719 2770 1966 2850; x_wconf 85' lang='lat' dir='ltr'>pulchra</span> <span class='ocrx_word' id='word_1_193' title='bbox 1992 2771 2208 2831; x_wconf 89' lang='lat' dir='ltr'>libens.</span> 
     </span>
    </p>
   </div>
   <div class='ocr_carea' id='block_1_8' title="bbox 914 3040 2414 3210">
    <p class='ocr_par' dir='ltr' id='par_1_8' title="bbox 914 3040 2414 3210">
     <span class='ocr_line' id='line_1_25' title="bbox 914 3040 2414 3109; baseline -0.001 0"><span class='ocrx_word' id='word_1_194' title='bbox 914 3042 1116 3109; x_wconf 89' lang='lat' dir='ltr'>DES.</span> <span class='ocrx_word' id='word_1_195' title='bbox 1168 3041 1623 3108; x_wconf 79' lang='lat' dir='ltr'><strong>ERASMUS</strong></span> <span class='ocrx_word' id='word_1_196' title='bbox 1681 3040 2287 3108; x_wconf 81' lang='lat' dir='ltr'><strong>ROTERODAM</strong></span> <span class='ocrx_word' id='word_1_197' title='bbox 2297 3042 2414 3108; x_wconf 91' lang='lat' dir='ltr'>US</span> 
     </span>
     <span class='ocr_line' id='line_1_26' title="bbox 1404 3160 1921 3210; baseline 0 -1"><span class='ocrx_word' id='word_1_198' title='bbox 1404 3162 1456 3209; x_wconf 90' lang='lat' dir='ltr'>D</span> <span class='ocrx_word' id='word_1_199' title='bbox 1472 3162 1516 3209; x_wconf 86' lang='lat' dir='ltr'><strong>E</strong></span> <span class='ocrx_word' id='word_1_200' title='bbox 1564 3161 1623 3209; x_wconf 82' lang='lat' dir='ltr'>M</span> <span class='ocrx_word' id='word_1_201' title='bbox 1640 3160 1742 3209; x_wconf 86' lang='lat' dir='ltr'>ET</span> <span class='ocrx_word' id='word_1_202' title='bbox 1757 3161 1806 3210; x_wconf 80' lang='lat' dir='ltr'>R</span> <span class='ocrx_word' id='word_1_203' title='bbox 1820 3160 1848 3208; x_wconf 92' lang='lat'>1</span> <span class='ocrx_word' id='word_1_204' title='bbox 1864 3160 1921 3209; x_wconf 87' lang='lat' dir='ltr'>S.</span> 
     </span>
    </p>
   </div>
   <div class='ocr_carea' id='block_1_9' title="bbox 559 3297 2754 3667">
    <p class='ocr_par' dir='ltr' id='par_1_9' title="bbox 559 3297 2754 3667">
     <span class='ocr_line' id='line_1_27' title="bbox 570 3297 2752 3379; baseline -0 -18"><span class='ocrx_word' id='word_1_205' title='bbox 570 3304 819 3362; x_wconf 72' lang='lat' dir='ltr'>Conrcr</span> <span class='ocrx_word' id='word_1_206' title='bbox 852 3301 1042 3362; x_wconf 86' lang='lat' dir='ltr'>Latini</span> <span class='ocrx_word' id='word_1_207' title='bbox 1070 3301 1311 3361; x_wconf 86' lang='lat' dir='ltr'>multam</span> <span class='ocrx_word' id='word_1_208' title='bbox 1342 3300 1670 3360; x_wconf 87' lang='lat' dir='ltr'>libertatem</span> <span class='ocrx_word' id='word_1_209' title='bbox 1699 3300 1810 3359; x_wconf 87' lang='lat' dir='ltr'>sibi</span> <span class='ocrx_word' id='word_1_210' title='bbox 1839 3309 2199 3379; x_wconf 89' lang='lat' dir='ltr'>usurparunt</span> <span class='ocrx_word' id='word_1_211' title='bbox 2224 3299 2284 3357; x_wconf 87' lang='lat' dir='ltr'>in</span> <span class='ocrx_word' id='word_1_212' title='bbox 2312 3297 2600 3374; x_wconf 79' lang='lat' dir='ltr'>versibus,</span> <span class='ocrx_word' id='word_1_213' title='bbox 2643 3301 2752 3361; x_wconf 86' lang='lat' dir='ltr'>sed</span> 
     </span>
     <span class='ocr_line' id='line_1_28' title="bbox 568 3393 2753 3476; baseline 0.001 -21"><span class='ocrx_word' id='word_1_214' title='bbox 568 3415 745 3457; x_wconf 83' lang='lat' dir='ltr'>nemo</span> <span class='ocrx_word' id='word_1_215' title='bbox 771 3396 991 3475; x_wconf 81' lang='lat' dir='ltr'>largius</span> <span class='ocrx_word' id='word_1_216' title='bbox 1017 3395 1324 3455; x_wconf 87' lang='lat' dir='ltr'>Terentio:</span> <span class='ocrx_word' id='word_1_217' title='bbox 1368 3394 1517 3453; x_wconf 87' lang='lat' dir='ltr'>adeo</span> <span class='ocrx_word' id='word_1_218' title='bbox 1562 3403 1632 3453; x_wconf 91' lang='lat' dir='ltr'>ut</span> <span class='ocrx_word' id='word_1_219' title='bbox 1674 3393 1831 3474; x_wconf 89' lang='lat' dir='ltr'>apud</span> <span class='ocrx_word' id='word_1_220' title='bbox 1874 3394 2098 3472; x_wconf 87' lang='lat' dir='ltr'>priscos</span> <span class='ocrx_word' id='word_1_221' title='bbox 2135 3412 2369 3472; x_wconf 88' lang='lat' dir='ltr'>quoque</span> <span class='ocrx_word' id='word_1_222' title='bbox 2410 3394 2628 3455; x_wconf 83' lang='lat' dir='ltr'>fuerint</span> <span class='ocrx_word' id='word_1_223' title='bbox 2651 3398 2753 3476; x_wconf 87' lang='lat' dir='ltr'>qui</span> 
     </span>
     <span class='ocr_line' id='line_1_29' title="bbox 559 3490 2754 3572; baseline 0 -20"><span class='ocrx_word' id='word_1_224' title='bbox 559 3492 915 3572; x_wconf 79' lang='lat' dir='ltr'>judicarent,</span> <span class='ocrx_word' id='word_1_225' title='bbox 959 3490 1020 3550; x_wconf 89' lang='lat' dir='ltr'>in</span> <span class='ocrx_word' id='word_1_226' title='bbox 1066 3490 1242 3569; x_wconf 85' lang='lat' dir='ltr'>hujus</span> <span class='ocrx_word' id='word_1_227' title='bbox 1273 3490 1511 3550; x_wconf 83' lang='lat' dir='ltr'>Fabulis</span> <span class='ocrx_word' id='word_1_228' title='bbox 1540 3490 1762 3550; x_wconf 88' lang='lat' dir='ltr'>nullam</span> <span class='ocrx_word' id='word_1_229' title='bbox 1791 3509 1925 3550; x_wconf 88' lang='lat' dir='ltr'>esse</span> <span class='ocrx_word' id='word_1_230' title='bbox 1969 3490 2289 3549; x_wconf 88' lang='lat' dir='ltr'>carminum</span> <span class='ocrx_word' id='word_1_231' title='bbox 2335 3491 2546 3569; x_wconf 86' lang='lat' dir='ltr'>legem.</span> <span class='ocrx_word' id='word_1_232' title='bbox 2629 3492 2754 3553; x_wconf 86' lang='lat' dir='ltr'>Sed</span> 
     </span>
     <span class='ocr_line' id='line_1_30' title="bbox 567 3586 2752 3667; baseline 0.002 -22"><span class='ocrx_word' id='word_1_233' title='bbox 567 3587 678 3646; x_wconf 85' lang='lat' dir='ltr'>hos</span> <span class='ocrx_word' id='word_1_234' title='bbox 702 3586 827 3647; x_wconf 79' lang='lat' dir='ltr'>falli</span> <span class='ocrx_word' id='word_1_235' title='bbox 866 3587 1234 3647; x_wconf 70' lang='lat' dir='ltr'>manifestum</span> <span class='ocrx_word' id='word_1_236' title='bbox 1273 3597 1385 3648; x_wconf 86' lang='lat' dir='ltr'>est.</span> <span class='ocrx_word' id='word_1_237' title='bbox 1469 3589 1697 3647; x_wconf 85' lang='lat' dir='ltr'>Rursus</span> <span class='ocrx_word' id='word_1_238' title='bbox 1738 3586 1977 3647; x_wconf 82' lang='lat' dir='ltr'>fuerunt</span> <span class='ocrx_word' id='word_1_239' title='bbox 2017 3587 2120 3665; x_wconf 90' lang='lat' dir='ltr'>qui</span> <span class='ocrx_word' id='word_1_240' title='bbox 2161 3606 2280 3647; x_wconf 90' lang='lat' dir='ltr'>non</span> <span class='ocrx_word' id='word_1_241' title='bbox 2324 3599 2635 3667; x_wconf 84' lang='lat' dir='ltr'>negarunt,</span> <span class='ocrx_word' id='word_1_242' title='bbox 2675 3590 2752 3649; x_wconf 86' lang='lat' dir='ltr'>ab</span> 
     </span>
    </p>
   </div>
   <div class='ocr_carea' id='block_1_10' title="bbox 566 3680 2844 3761">
    <p class='ocr_par' dir='ltr' id='par_1_10' title="bbox 566 3680 2844 3761">
     <span class='ocr_line' id='line_1_31' title="bbox 566 3680 2844 3761; baseline 0 -18"><span class='ocrx_word' id='word_1_243' title='bbox 566 3682 681 3743; x_wconf 88' lang='lat' dir='ltr'>hoc</span> <span class='ocrx_word' id='word_1_244' title='bbox 721 3683 938 3744; x_wconf 83' lang='lat' dir='ltr'>servari</span> <span class='ocrx_word' id='word_1_245' title='bbox 981 3693 1293 3743; x_wconf 86' lang='lat' dir='ltr'>metrorum</span> <span class='ocrx_word' id='word_1_246' title='bbox 1340 3681 1527 3761; x_wconf 80' lang='lat' dir='ltr'>leges,</span> <span class='ocrx_word' id='word_1_247' title='bbox 1568 3681 1675 3742; x_wconf 86' lang='lat' dir='ltr'>sed</span> <span class='ocrx_word' id='word_1_248' title='bbox 1719 3684 1796 3741; x_wconf 93' lang='lat' dir='ltr'>ob</span> <span class='ocrx_word' id='word_1_249' title='bbox 1844 3680 2215 3743; x_wconf 85' lang='lat' dir='ltr'>immodicam</span> <span class='ocrx_word' id='word_1_250' title='bbox 2256 3681 2588 3743; x_wconf 86' lang='lat' dir='ltr'>libertatem</span> <span class='ocrx_word' id='word_1_251' title='bbox 2630 3703 2752 3744; x_wconf 87' lang='lat' dir='ltr'>non</span> <span class='ocrx_word' id='word_1_252' title='bbox 2836 3736 2844 3743; x_wconf 96' lang='lat'>.</span> 
     </span>
    </p>
   </div>
   <div class='ocr_carea' id='block_1_11' title="bbox 567 3777 2752 4241">
    <p class='ocr_par' dir='ltr' id='par_1_11' title="bbox 567 3777 2752 4241">
     <span class='ocr_line' id='line_1_32' title="bbox 567 3777 2752 3860; baseline 0.001 -21"><span class='ocrx_word' id='word_1_253' title='bbox 567 3798 701 3841; x_wconf 86' lang='lat' dir='ltr'>esse</span> <span class='ocrx_word' id='word_1_254' title='bbox 726 3798 923 3860; x_wconf 80' lang='lat' dir='ltr'>operoe</span> <span class='ocrx_word' id='word_1_255' title='bbox 949 3779 1197 3859; x_wconf 90' lang='lat' dir='ltr'>pretium</span> <span class='ocrx_word' id='word_1_256' title='bbox 1233 3779 1490 3857; x_wconf 86' lang='lat' dir='ltr'>torqueri</span> <span class='ocrx_word' id='word_1_257' title='bbox 1534 3777 1746 3840; x_wconf 87' lang='lat' dir='ltr'>doctos</span> <span class='ocrx_word' id='word_1_258' title='bbox 1790 3778 2112 3839; x_wconf 88' lang='lat' dir='ltr'>carminum</span> <span class='ocrx_word' id='word_1_259' title='bbox 2159 3777 2545 3853; x_wconf 87' lang='lat' dir='ltr'>dimensione,</span> <span class='ocrx_word' id='word_1_260' title='bbox 2587 3782 2752 3859; x_wconf 86' lang='lat' dir='ltr'>quod</span> 
     </span>
     <span class='ocr_line' id='line_1_33' title="bbox 569 3873 2748 3955; baseline -0.001 -20"><span class='ocrx_word' id='word_1_261' title='bbox 569 3887 631 3935; x_wconf 86' lang='lat' dir='ltr'>et</span> <span class='ocrx_word' id='word_1_262' title='bbox 656 3894 749 3937; x_wconf 86' lang='lat' dir='ltr'>res</span> <span class='ocrx_word' id='word_1_263' title='bbox 778 3875 856 3935; x_wconf 83' lang='lat' dir='ltr'>sit</span> <span class='ocrx_word' id='word_1_264' title='bbox 879 3874 1150 3934; x_wconf 87' lang='lat' dir='ltr'>immensi</span> <span class='ocrx_word' id='word_1_265' title='bbox 1194 3873 1434 3948; x_wconf 87' lang='lat' dir='ltr'>laboris,</span> <span class='ocrx_word' id='word_1_266' title='bbox 1475 3894 1585 3935; x_wconf 87' lang='lat' dir='ltr'>nec</span> <span class='ocrx_word' id='word_1_267' title='bbox 1610 3876 1696 3936; x_wconf 89' lang='lat' dir='ltr'>ita</span> <span class='ocrx_word' id='word_1_268' title='bbox 1722 3876 1969 3936; x_wconf 88' lang='lat' dir='ltr'>multum</span> <span class='ocrx_word' id='word_1_269' title='bbox 1997 3875 2212 3935; x_wconf 82' lang='lat' dir='ltr'>inferat</span> <span class='ocrx_word' id='word_1_270' title='bbox 2236 3875 2444 3953; x_wconf 84' lang='lat' dir='ltr'>frugis.</span> <span class='ocrx_word' id='word_1_271' title='bbox 2525 3875 2608 3933; x_wconf 90' lang='lat' dir='ltr'>At</span> <span class='ocrx_word' id='word_1_272' title='bbox 2633 3894 2748 3955; x_wconf 78' lang='lat' dir='ltr'>ego</span> 
     </span>
     <span class='ocr_line' id='line_1_34' title="bbox 568 3969 2750 4051; baseline 0 -22"><span class='ocrx_word' id='word_1_273' title='bbox 568 3972 643 4029; x_wconf 79' lang='lat' dir='ltr'>ab</span> <span class='ocrx_word' id='word_1_274' title='bbox 680 3982 930 4051; x_wconf 85' lang='lat' dir='ltr'>utroque</span> <span class='ocrx_word' id='word_1_275' title='bbox 974 3989 1187 4048; x_wconf 81' lang='lat' dir='ltr'>genere</span> <span class='ocrx_word' id='word_1_276' title='bbox 1227 3969 1551 4031; x_wconf 86' lang='lat' dir='ltr'>dissentio:</span> <span class='ocrx_word' id='word_1_277' title='bbox 1592 3990 1752 4042; x_wconf 86' lang='lat' dir='ltr'>nam,</span> <span class='ocrx_word' id='word_1_278' title='bbox 1799 3984 1866 4031; x_wconf 88' lang='lat' dir='ltr'>ut</span> <span class='ocrx_word' id='word_1_279' title='bbox 1909 3970 2272 4031; x_wconf 85' lang='lat' dir='ltr'>manifestius</span> <span class='ocrx_word' id='word_1_280' title='bbox 2321 3978 2433 4040; x_wconf 86' lang='lat' dir='ltr'>est,</span> <span class='ocrx_word' id='word_1_281' title='bbox 2477 3988 2654 4047; x_wconf 87' lang='lat' dir='ltr'>quam</span> <span class='ocrx_word' id='word_1_282' title='bbox 2681 3979 2750 4031; x_wconf 88' lang='lat' dir='ltr'>ut</span> 
     </span>
     <span class='ocr_line' id='line_1_35' title="bbox 568 4063 2748 4146; baseline 0.001 -21"><span class='ocrx_word' id='word_1_283' title='bbox 568 4077 743 4143; x_wconf 81' lang='lat' dir='ltr'>egeat</span> <span class='ocrx_word' id='word_1_284' title='bbox 788 4066 1155 4146; x_wconf 80' lang='lat' dir='ltr'>probatione,</span> <span class='ocrx_word' id='word_1_285' title='bbox 1203 4065 1460 4126; x_wconf 87' lang='lat' dir='ltr'>Terentii</span> <span class='ocrx_word' id='word_1_286' title='bbox 1486 4065 1826 4127; x_wconf 82' lang='lat' dir='ltr'>Comoedias</span> <span class='ocrx_word' id='word_1_287' title='bbox 1853 4066 2120 4126; x_wconf 79' lang='lat' dir='ltr'>versibus</span> <span class='ocrx_word' id='word_1_288' title='bbox 2146 4074 2451 4124; x_wconf 75' lang='lat' dir='ltr'>constare:</span> <span class='ocrx_word' id='word_1_289' title='bbox 2494 4063 2598 4137; x_wconf 88' lang='lat' dir='ltr'>ita,</span> <span class='ocrx_word' id='word_1_290' title='bbox 2645 4068 2748 4144; x_wconf 87' lang='lat' dir='ltr'>qui</span> 
     </span>
     <span class='ocr_line' id='line_1_36' title="bbox 568 4159 2742 4241; baseline -0.003 -18"><span class='ocrx_word' id='word_1_291' title='bbox 568 4160 980 4240; x_wconf 73' lang='lat' dir='ltr'>negligendam</span> <span class='ocrx_word' id='word_1_292' title='bbox 1022 4171 1305 4239; x_wconf 85' lang='lat' dir='ltr'>putarunt</span> <span class='ocrx_word' id='word_1_293' title='bbox 1327 4170 1642 4229; x_wconf 80' lang='lat' dir='ltr'>metrorum</span> <span class='ocrx_word' id='word_1_294' title='bbox 1670 4162 1976 4235; x_wconf 82' lang='lat' dir='ltr'>rationem,</span> <span class='ocrx_word' id='word_1_295' title='bbox 2016 4162 2351 4241; x_wconf 82' lang='lat' dir='ltr'>frequenter</span> <span class='ocrx_word' id='word_1_296' title='bbox 2390 4159 2592 4225; x_wconf 65' lang='lat' dir='ltr'>Poetoe</span> <span class='ocrx_word' id='word_1_297' title='bbox 2619 4179 2742 4227; x_wconf 70' lang='lat' dir='ltr'>ser·-</span> 
     </span>
    </p>
   </div>
  </div>
 </body>
</html>
