<?xml version="1.0" encoding="UTF-8"?>
<!DOCTYPE html PUBLIC "-//W3C//DTD XHTML 1.0 Transitional//EN"
    "http://www.w3.org/TR/xhtml1/DTD/xhtml1-transitional.dtd">
<html xmlns="http://www.w3.org/1999/xhtml" xml:lang="en" lang="en">
 <head>
  <title>
</title>
<meta http-equiv="Content-Type" content="text/html;charset=utf-8" />
  <meta name='ocr-system' content='tesseract 3.04.00' />
  <meta name='ocr-capabilities' content='ocr_page ocr_carea ocr_par ocr_line ocrx_word'/>
</head>
<body>
  <div class='ocr_page' id='page_1' title='image "./comoedisex10westgoog_0232.png"; bbox 0 0 3234 4934; ppageno 0'>
   <div class='ocr_carea' id='block_1_1' title="bbox 614 364 2079 433">
    <p class='ocr_par' dir='ltr' id='par_1_1' title="bbox 614 364 2079 433">
     <span class='ocr_line' id='line_1_1' title="bbox 614 364 2079 433; baseline -0.003 0"><span class='ocrx_word' id='word_1_1' title='bbox 614 364 746 433; x_wconf 70' lang='lat'><strong>224</strong></span> <span class='ocrx_word' id='word_1_2' title='bbox 1351 380 1821 431; x_wconf 55' lang='lat' dir='ltr'><strong>rusucrsous</strong></span> <span class='ocrx_word' id='word_1_3' title='bbox 1870 380 2079 430; x_wconf 70' lang='lat' dir='ltr'><strong>mnu</strong></span> 
     </span>
    </p>
   </div>
   <div class='ocr_carea' id='block_1_2' title="bbox 612 520 2815 2037">
    <p class='ocr_par' dir='ltr' id='par_1_2' title="bbox 615 520 2803 679">
     <span class='ocr_line' id='line_1_2' title="bbox 615 520 2803 595; baseline 0.001 -12"><span class='ocrx_word' id='word_1_4' title='bbox 615 520 878 583; x_wconf 80' lang='lat' dir='ltr'><strong>ostendit</strong></span> <span class='ocrx_word' id='word_1_5' title='bbox 917 540 1052 594; x_wconf 83' lang='lat' dir='ltr'><strong>vox,</strong></span> <span class='ocrx_word' id='word_1_6' title='bbox 1093 540 1374 595; x_wconf 80' lang='lat' dir='ltr'><strong>cauneas,</strong></span> <span class='ocrx_word' id='word_1_7' title='bbox 1421 542 1558 583; x_wconf 88' lang='lat' dir='ltr'><strong>cum</strong></span> <span class='ocrx_word' id='word_1_8' title='bbox 1603 542 1755 583; x_wconf 85' lang='lat' dir='ltr'><strong>sono</strong></span> <span class='ocrx_word' id='word_1_9' title='bbox 1800 523 2059 595; x_wconf 81' lang='lat' dir='ltr'>referret,</span> <span class='ocrx_word' id='word_1_10' title='bbox 2098 540 2247 583; x_wconf 84' lang='lat' dir='ltr'><strong>cave</strong></span> <span class='ocrx_word' id='word_1_11' title='bbox 2286 542 2361 584; x_wconf 85' lang='lat' dir='ltr'><strong>ne</strong></span> <span class='ocrx_word' id='word_1_12' title='bbox 2390 540 2527 585; x_wconf 76' lang='lat' dir='ltr'><strong>eas:</strong></span> <span class='ocrx_word' id='word_1_13' title='bbox 2572 522 2699 585; x_wconf 82' lang='lat' dir='ltr'><strong>cic.</strong></span> <span class='ocrx_word' id='word_1_14' title='bbox 2728 524 2803 585; x_wconf 85' lang='lat' dir='ltr'><strong>de</strong></span> 
     </span>
     <span class='ocr_line' id='line_1_3' title="bbox 618 619 1044 679; baseline -0.007 0"><span class='ocrx_word' id='word_1_15' title='bbox 618 619 816 679; x_wconf 86' lang='lat' dir='ltr'><strong>Divin.</strong></span> <span class='ocrx_word' id='word_1_16' title='bbox 841 637 922 677; x_wconf 86' lang='lat'><strong>11.</strong></span> <span class='ocrx_word' id='word_1_17' title='bbox 941 622 1044 677; x_wconf 89' lang='grc'><strong>40.</strong></span> 
     </span>
    </p>

    <p class='ocr_par' dir='ltr' id='par_1_3' title="bbox 612 711 2809 1647">
     <span class='ocr_line' id='line_1_4' title="bbox 701 711 2805 792; baseline 0.001 -21"><span class='ocrx_word' id='word_1_18' title='bbox 701 714 810 773; x_wconf 90' lang='lat' dir='ltr'><strong>His</strong></span> <span class='ocrx_word' id='word_1_19' title='bbox 858 722 1056 772; x_wconf 78' lang='lat' dir='ltr'><strong>sutem</strong></span> <span class='ocrx_word' id='word_1_20' title='bbox 1106 711 1402 792; x_wconf 81' lang='lat' dir='ltr'><strong>principiis</strong></span> <span class='ocrx_word' id='word_1_21' title='bbox 1453 731 1527 771; x_wconf 87' lang='lat' dir='ltr'><strong>ex</strong></span> <span class='ocrx_word' id='word_1_22' title='bbox 1573 712 2069 791; x_wconf 80' lang='lat' dir='ltr'><strong>pronuntiationis</strong></span> <span class='ocrx_word' id='word_1_23' title='bbox 2112 714 2175 771; x_wconf 89' lang='lat' dir='ltr'><strong>in</strong></span> <span class='ocrx_word' id='word_1_24' title='bbox 2223 732 2489 775; x_wconf 75' lang='lat' dir='ltr'><strong>sermone</strong></span> <span class='ocrx_word' id='word_1_25' title='bbox 2537 714 2805 775; x_wconf 76' lang='lat' dir='ltr'><strong>familiari</strong></span> 
     </span>
     <span class='ocr_line' id='line_1_5' title="bbox 615 806 2807 881; baseline 0.001 -14"><span class='ocrx_word' id='word_1_26' title='bbox 615 809 852 867; x_wconf 70' lang='lat' dir='ltr'><strong>usi-tates</strong></span> <span class='ocrx_word' id='word_1_27' title='bbox 901 817 962 866; x_wconf 87' lang='lat' dir='ltr'><strong>et</strong></span> <span class='ocrx_word' id='word_1_28' title='bbox 987 816 1268 867; x_wconf 77' lang='lat' dir='ltr'><strong>accentus</strong></span> <span class='ocrx_word' id='word_1_29' title='bbox 1299 817 1509 865; x_wconf 80' lang='lat' dir='ltr'><strong>natura</strong></span> <span class='ocrx_word' id='word_1_30' title='bbox 1537 806 1821 867; x_wconf 86' lang='lat' dir='ltr'><strong>desumtis</strong></span> <span class='ocrx_word' id='word_1_31' title='bbox 1859 808 2063 881; x_wconf 85' lang='lat' dir='ltr'><strong>innixi,</strong></span> <span class='ocrx_word' id='word_1_32' title='bbox 2104 810 2363 869; x_wconf 85' lang='lat' dir='ltr'><strong>omnium</strong></span> <span class='ocrx_word' id='word_1_33' title='bbox 2393 808 2514 869; x_wconf 78' lang='lat' dir='ltr'><strong>fere</strong></span> <span class='ocrx_word' id='word_1_34' title='bbox 2541 809 2807 869; x_wconf 85' lang='lat' dir='ltr'><strong>licentia-</strong></span> 
     </span>
     <span class='ocr_line' id='line_1_6' title="bbox 616 900 2805 984; baseline 0.001 -22"><span class='ocrx_word' id='word_1_35' title='bbox 616 924 748 963; x_wconf 86' lang='lat' dir='ltr'><strong>rum</strong></span> <span class='ocrx_word' id='word_1_36' title='bbox 773 905 983 982; x_wconf 87' lang='lat' dir='ltr'><strong>quibus</strong></span> <span class='ocrx_word' id='word_1_37' title='bbox 1023 900 1250 961; x_wconf 80' lang='lat' dir='ltr'><strong>Comici</strong></span> <span class='ocrx_word' id='word_1_38' title='bbox 1279 912 1506 961; x_wconf 87' lang='lat' dir='ltr'><strong>veteres</strong></span> <span class='ocrx_word' id='word_1_39' title='bbox 1545 901 1639 960; x_wconf 85' lang='lat' dir='ltr'><strong>usi</strong></span> <span class='ocrx_word' id='word_1_40' title='bbox 1692 912 1852 974; x_wconf 80' lang='lat' dir='ltr'><strong>sunt,</strong></span> <span class='ocrx_word' id='word_1_41' title='bbox 1898 903 2157 963; x_wconf 83' lang='lat' dir='ltr'><strong>rationes</strong></span> <span class='ocrx_word' id='word_1_42' title='bbox 2205 904 2377 965; x_wconf 82' lang='lat' dir='ltr'><strong>facile</strong></span> <span class='ocrx_word' id='word_1_43' title='bbox 2404 904 2805 984; x_wconf 82' lang='lat' dir='ltr'><strong>expediemus.</strong></span> 
     </span>
     <span class='ocr_line' id='line_1_7' title="bbox 613 996 2807 1080; baseline 0 -21"><span class='ocrx_word' id='word_1_44' title='bbox 613 1000 793 1067; x_wconf 83' lang='lat' dir='ltr'><strong>Quod</strong></span> <span class='ocrx_word' id='word_1_45' title='bbox 813 998 901 1059; x_wconf 83' lang='lat' dir='ltr'><strong>-ad</strong></span> <span class='ocrx_word' id='word_1_46' title='bbox 925 998 1081 1070; x_wconf 84' lang='lat' dir='ltr'><strong>illas,</strong></span> <span class='ocrx_word' id='word_1_47' title='bbox 1107 1018 1246 1075; x_wconf 81' lang='lat' dir='ltr'><strong>quoe</strong></span> <span class='ocrx_word' id='word_1_48' title='bbox 1292 996 1533 1057; x_wconf 81' lang='lat' dir='ltr'><strong>alterius</strong></span> <span class='ocrx_word' id='word_1_49' title='bbox 1583 1010 1725 1057; x_wconf 86' lang='lat' dir='ltr'><strong>sunt</strong></span> <span class='ocrx_word' id='word_1_50' title='bbox 1746 998 2006 1077; x_wconf 76' lang='lat' dir='ltr'><strong>generis,</strong></span> <span class='ocrx_word' id='word_1_51' title='bbox 2054 1018 2129 1058; x_wconf 85' lang='lat' dir='ltr'><strong>ex</strong></span> <span class='ocrx_word' id='word_1_52' title='bbox 2170 998 2243 1058; x_wconf 91' lang='lat' dir='ltr'><strong>iis</strong></span> <span class='ocrx_word' id='word_1_53' title='bbox 2286 998 2460 1059; x_wconf 81' lang='lat' dir='ltr'><strong>etiam</strong></span> <span class='ocrx_word' id='word_1_54' title='bbox 2507 1000 2706 1080; x_wconf 87' lang='lat' dir='ltr'><strong>plures</strong></span> <span class='ocrx_word' id='word_1_55' title='bbox 2732 1021 2807 1060; x_wconf 88' lang='lat' dir='ltr'><strong>ex</strong></span> 
     </span>
     <span class='ocr_line' id='line_1_8' title="bbox 612 1093 2807 1175; baseline 0 -20"><span class='ocrx_word' id='word_1_56' title='bbox 612 1094 901 1155; x_wconf 81' lang='lat' dir='ltr'><strong>sermonis</strong></span> <span class='ocrx_word' id='word_1_57' title='bbox 931 1105 991 1154; x_wconf 93' lang='lat' dir='ltr'><strong>et</strong></span> <span class='ocrx_word' id='word_1_58' title='bbox 1011 1093 1292 1173; x_wconf 84' lang='lat' dir='ltr'><strong>colloquii</strong></span> <span class='ocrx_word' id='word_1_59' title='bbox 1319 1104 1530 1153; x_wconf 78' lang='lat' dir='ltr'><strong>natura</strong></span> <span class='ocrx_word' id='word_1_60' title='bbox 1555 1094 1860 1163; x_wconf 86' lang='lat' dir='ltr'><strong>oriuntur;</strong></span> <span class='ocrx_word' id='word_1_61' title='bbox 1904 1093 2039 1153; x_wconf 63' lang='lat' dir='ltr'><strong>alite</strong></span> <span class='ocrx_word' id='word_1_62' title='bbox 2075 1094 2329 1154; x_wconf 74' lang='lat' dir='ltr'><strong>libertati</strong></span> <span class='ocrx_word' id='word_1_63' title='bbox 2374 1096 2472 1154; x_wconf 85' lang='lat' dir='ltr'><strong>isti</strong></span> <span class='ocrx_word' id='word_1_64' title='bbox 2515 1096 2807 1175; x_wconf 78' lang='lat' dir='ltr'><strong>imputan-</strong></span> 
     </span>
     <span class='ocr_line' id='line_1_9' title="bbox 615 1186 2807 1269; baseline 0 -19"><span class='ocrx_word' id='word_1_65' title='bbox 615 1186 710 1250; x_wconf 84' lang='lat' dir='ltr'><strong>dae</strong></span> <span class='ocrx_word' id='word_1_66' title='bbox 741 1200 880 1250; x_wconf 84' lang='lat' dir='ltr'><strong>sunt</strong></span> <span class='ocrx_word' id='word_1_67' title='bbox 903 1210 1038 1269; x_wconf 77' lang='lat' dir='ltr'><strong>quse</strong></span> <span class='ocrx_word' id='word_1_68' title='bbox 1067 1189 1200 1248; x_wconf 81' lang='lat' dir='ltr'><strong>aliis</strong></span> <span class='ocrx_word' id='word_1_69' title='bbox 1245 1188 1418 1247; x_wconf 81' lang='lat' dir='ltr'><strong>etiam</strong></span> <span class='ocrx_word' id='word_1_70' title='bbox 1461 1189 1653 1268; x_wconf 71' lang='lat' dir='ltr'><strong>poetis</strong></span> <span class='ocrx_word' id='word_1_71' title='bbox 1704 1208 1779 1247; x_wconf 86' lang='lat' dir='ltr'><strong>ex</strong></span> <span class='ocrx_word' id='word_1_72' title='bbox 1808 1188 1973 1249; x_wconf 88' lang='lat' dir='ltr'><strong>metri</strong></span> <span class='ocrx_word' id='word_1_73' title='bbox 2000 1189 2353 1249; x_wconf 81' lang='lat' dir='ltr'><strong>necessitate</strong></span> <span class='ocrx_word' id='word_1_74' title='bbox 2377 1208 2668 1249; x_wconf 79' lang='lat' dir='ltr'><strong>concessa</strong></span> <span class='ocrx_word' id='word_1_75' title='bbox 2694 1202 2807 1265; x_wconf 87' lang='lat' dir='ltr'><strong>est,</strong></span> 
     </span>
     <span class='ocr_line' id='line_1_10' title="bbox 616 1282 2809 1365; baseline -0 -19"><span class='ocrx_word' id='word_1_76' title='bbox 616 1306 870 1365; x_wconf 78' lang='lat' dir='ltr'><strong>quaeque</strong></span> <span class='ocrx_word' id='word_1_77' title='bbox 897 1306 968 1345; x_wconf 80' lang='lat' dir='ltr'><strong>ex</strong></span> <span class='ocrx_word' id='word_1_78' title='bbox 995 1304 1068 1345; x_wconf 90' lang='lat' dir='ltr'><strong>eo</strong></span> <span class='ocrx_word' id='word_1_79' title='bbox 1093 1284 1328 1365; x_wconf 69' lang='lat' dir='ltr'><strong>poetica.</strong></span> <span class='ocrx_word' id='word_1_80' title='bbox 1369 1283 1606 1344; x_wconf 77' lang='lat' dir='ltr'><strong>licentia</strong></span> <span class='ocrx_word' id='word_1_81' title='bbox 1634 1282 1867 1355; x_wconf 85' lang='lat' dir='ltr'><strong>dicitur,</strong></span> <span class='ocrx_word' id='word_1_82' title='bbox 1915 1286 1976 1343; x_wconf 93' lang='lat' dir='ltr'><strong>in</strong></span> <span class='ocrx_word' id='word_1_83' title='bbox 2020 1302 2138 1363; x_wconf 82' lang='lat' dir='ltr'><strong>qua</strong></span> <span class='ocrx_word' id='word_1_84' title='bbox 2182 1284 2405 1345; x_wconf 77' lang='lat' dir='ltr'><strong>Latinis</strong></span> <span class='ocrx_word' id='word_1_85' title='bbox 2455 1286 2809 1364; x_wconf 64' lang='lat' dir='ltr'><strong>praeiverunt</strong></span> 
     </span>
     <span class='ocr_line' id='line_1_11' title="bbox 620 1378 2809 1462; baseline -0.001 -20"><span class='ocrx_word' id='word_1_86' title='bbox 620 1384 837 1453; x_wconf 81' lang='lat' dir='ltr'><strong>Groeci,</strong></span> <span class='ocrx_word' id='word_1_87' title='bbox 887 1381 1166 1462; x_wconf 77' lang='lat' dir='ltr'><strong>imprimis</strong></span> <span class='ocrx_word' id='word_1_88' title='bbox 1215 1398 1354 1439; x_wconf 83' lang='lat' dir='ltr'><strong>vero</strong></span> <span class='ocrx_word' id='word_1_89' title='bbox 1407 1380 1721 1439; x_wconf 79' lang='lat' dir='ltr'><strong>Homerus·</strong></span> <span class='ocrx_word' id='word_1_90' title='bbox 1806 1378 1947 1451; x_wconf 87' lang='lat' dir='ltr'>Sed,</span> <span class='ocrx_word' id='word_1_91' title='bbox 2002 1389 2068 1437; x_wconf 88' lang='lat' dir='ltr'><strong>ut</strong></span> <span class='ocrx_word' id='word_1_92' title='bbox 2121 1379 2453 1441; x_wconf 85' lang='lat' dir='ltr'><strong>distinctius</strong></span> <span class='ocrx_word' id='word_1_93' title='bbox 2503 1395 2674 1459; x_wconf 72' lang='lat' dir='ltr'><strong>agam</strong></span> <span class='ocrx_word' id='word_1_94' title='bbox 2730 1380 2809 1441; x_wconf 88' lang='lat' dir='ltr'><strong>de</strong></span> 
     </span>
     <span class='ocr_line' id='line_1_12' title="bbox 615 1474 2808 1555; baseline 0 -20"><span class='ocrx_word' id='word_1_95' title='bbox 615 1478 864 1538; x_wconf 80' lang='lat' dir='ltr'><strong>licentiis</strong></span> <span class='ocrx_word' id='word_1_96' title='bbox 893 1477 1076 1549; x_wconf 85' lang='lat' dir='ltr'><strong>hisce,</strong></span> <span class='ocrx_word' id='word_1_97' title='bbox 1103 1496 1240 1555; x_wconf 80' lang='lat' dir='ltr'><strong>quse</strong></span> <span class='ocrx_word' id='word_1_98' title='bbox 1268 1495 1340 1534; x_wconf 81' lang='lat' dir='ltr'><strong>ex</strong></span> <span class='ocrx_word' id='word_1_99' title='bbox 1371 1474 1649 1533; x_wconf 81' lang='lat' dir='ltr'><strong>diuturna</strong></span> <span class='ocrx_word' id='word_1_100' title='bbox 1701 1474 1898 1534; x_wconf 84' lang='lat' dir='ltr'><strong>Plauti</strong></span> <span class='ocrx_word' id='word_1_101' title='bbox 1940 1487 2003 1535; x_wconf 89' lang='lat' dir='ltr'><strong>et</strong></span> <span class='ocrx_word' id='word_1_102' title='bbox 2030 1474 2288 1535; x_wconf 86' lang='lat' dir='ltr'><strong>Terentii</strong></span> <span class='ocrx_word' id='word_1_103' title='bbox 2330 1474 2581 1535; x_wconf 89' lang='lat' dir='ltr'><strong>lectione</strong></span> <span class='ocrx_word' id='word_1_104' title='bbox 2609 1478 2808 1535; x_wconf 85' lang='lat' dir='ltr'><strong>obser·</strong></span> 
     </span>
     <span class='ocr_line' id='line_1_13' title="bbox 616 1571 1371 1647; baseline -0.003 -14"><span class='ocrx_word' id='word_1_105' title='bbox 616 1576 768 1647; x_wconf 64' lang='lat' dir='ltr'><strong>vavi,</strong></span> <span class='ocrx_word' id='word_1_106' title='bbox 795 1573 914 1632; x_wconf 89' lang='lat' dir='ltr'><strong>huc</strong></span> <span class='ocrx_word' id='word_1_107' title='bbox 943 1574 1063 1632; x_wconf 83' lang='lat' dir='ltr'><strong>fere</strong></span> <span class='ocrx_word' id='word_1_108' title='bbox 1100 1571 1371 1631; x_wconf 81' lang='lat' dir='ltr'><strong>redeunt.</strong></span> 
     </span>
    </p>

    <p class='ocr_par' dir='ltr' id='par_1_4' title="bbox 613 1666 2815 2037">
     <span class='ocr_line' id='line_1_14' title="bbox 693 1666 2809 1746; baseline -0.001 -18"><span class='ocrx_word' id='word_1_109' title='bbox 693 1668 912 1742; x_wconf 88' lang='lat' dir='ltr'><strong>Primo,</strong></span> <span class='ocrx_word' id='word_1_110' title='bbox 941 1666 1348 1745; x_wconf 76' lang='lat' dir='ltr'><strong>monosyllaba</strong></span> <span class='ocrx_word' id='word_1_111' title='bbox 1376 1667 1623 1744; x_wconf 82' lang='lat' dir='ltr'><strong>quoevis,</strong></span> <span class='ocrx_word' id='word_1_112' title='bbox 1668 1685 1747 1725; x_wconf 80' lang='lat' dir='ltr'><strong>ea</strong></span> <span class='ocrx_word' id='word_1_113' title='bbox 1786 1666 2113 1746; x_wconf 78' lang='lat' dir='ltr'><strong>praesertim</strong></span> <span class='ocrx_word' id='word_1_114' title='bbox 2162 1686 2297 1745; x_wconf 79' lang='lat' dir='ltr'><strong>quse</strong></span> <span class='ocrx_word' id='word_1_115' title='bbox 2348 1676 2487 1726; x_wconf 89' lang='lat' dir='ltr'><strong>sunt</strong></span> <span class='ocrx_word' id='word_1_116' title='bbox 2533 1667 2809 1746; x_wconf 79' lang='lat' dir='ltr'><strong>frequen·</strong></span> 
     </span>
     <span class='ocr_line' id='line_1_15' title="bbox 613 1762 2815 1842; baseline -0.002 -17"><span class='ocrx_word' id='word_1_117' title='bbox 613 1765 782 1825; x_wconf 85' lang='lat' dir='ltr'><strong>tioris</strong></span> <span class='ocrx_word' id='word_1_118' title='bbox 825 1766 884 1823; x_wconf 85' lang='lat' dir='ltr'><strong>in</strong></span> <span class='ocrx_word' id='word_1_119' title='bbox 937 1781 1206 1823; x_wconf 85' lang='lat' dir='ltr'><strong>sermone</strong></span> <span class='ocrx_word' id='word_1_120' title='bbox 1233 1780 1402 1834; x_wconf 84' lang='lat' dir='ltr'><strong>usus,</strong></span> <span class='ocrx_word' id='word_1_121' title='bbox 1451 1782 1558 1842; x_wconf 88' lang='lat' dir='ltr'><strong>pro</strong></span> <span class='ocrx_word' id='word_1_122' title='bbox 1585 1763 1756 1822; x_wconf 90' lang='lat' dir='ltr'><strong>libitu</strong></span> <span class='ocrx_word' id='word_1_123' title='bbox 1786 1763 2123 1841; x_wconf 85' lang='lat' dir='ltr'><strong>corripiunt,</strong></span> <span class='ocrx_word' id='word_1_124' title='bbox 2168 1762 2307 1824; x_wconf 90' lang='lat' dir='ltr'><strong>licet</strong></span> <span class='ocrx_word' id='word_1_125' title='bbox 2333 1765 2530 1822; x_wconf 82' lang='lat' dir='ltr'><strong>obstet</strong></span> <span class='ocrx_word' id='word_1_126' title='bbox 2561 1781 2679 1822; x_wconf 91' lang='lat' dir='ltr'><strong>non</strong></span> <span class='ocrx_word' id='word_1_127' title='bbox 2710 1782 2815 1842; x_wconf 89' lang='lat' dir='ltr'><strong>po-</strong></span> 
     </span>
     <span class='ocr_line' id='line_1_16' title="bbox 617 1857 2805 1939; baseline -0 -20"><span class='ocrx_word' id='word_1_128' title='bbox 617 1861 751 1921; x_wconf 73' lang='lat' dir='ltr'><strong>sitio</strong></span> <span class='ocrx_word' id='word_1_129' title='bbox 779 1860 977 1931; x_wconf 84' lang='lat' dir='ltr'><strong>modo,</strong></span> <span class='ocrx_word' id='word_1_130' title='bbox 1007 1858 1114 1918; x_wconf 86' lang='lat' dir='ltr'><strong>sed</strong></span> <span class='ocrx_word' id='word_1_131' title='bbox 1141 1858 1204 1916; x_wconf 88' lang='lat' dir='ltr'><strong>in</strong></span> <span class='ocrx_word' id='word_1_132' title='bbox 1232 1859 1533 1919; x_wconf 78' lang='lat' dir='ltr'><strong>nonnullis</strong></span> <span class='ocrx_word' id='word_1_133' title='bbox 1563 1860 1741 1919; x_wconf 86' lang='lat' dir='ltr'><strong>etiam</strong></span> <span class='ocrx_word' id='word_1_134' title='bbox 1771 1859 1989 1919; x_wconf 83' lang='lat' dir='ltr'><strong>vocalis</strong></span> <span class='ocrx_word' id='word_1_135' title='bbox 2019 1862 2219 1939; x_wconf 79' lang='lat' dir='ltr'><strong>longa,</strong></span> <span class='ocrx_word' id='word_1_136' title='bbox 2246 1857 2339 1918; x_wconf 85' lang='lat' dir='ltr'><strong>vel</strong></span> <span class='ocrx_word' id='word_1_137' title='bbox 2380 1859 2805 1938; x_wconf 80' lang='lat' dir='ltr'><strong>diphthongus.</strong></span> 
     </span>
     <span class='ocr_line' id='line_1_17' title="bbox 620 1955 1250 2037; baseline -0.002 -22"><span class='ocrx_word' id='word_1_138' title='bbox 620 1956 907 2037; x_wconf 83' lang='lat' dir='ltr'><strong>Exemplo</strong></span> <span class='ocrx_word' id='word_1_139' title='bbox 934 1956 1058 2016; x_wconf 82' lang='lat' dir='ltr'><strong>sint</strong></span> <span class='ocrx_word' id='word_1_140' title='bbox 1078 1955 1250 2015; x_wconf 81' lang='lat' dir='ltr'><strong>haec:</strong></span> 
     </span>
    </p>
   </div>
   <div class='ocr_carea' id='block_1_3' title="bbox 693 2082 2711 3487">
    <p class='ocr_par' dir='ltr' id='par_1_5' title="bbox 693 2082 2711 3487">
     <span class='ocr_line' id='line_1_18' title="bbox 779 2082 2548 2162; baseline -0.001 -19"><span class='ocrx_word' id='word_1_141' title='bbox 779 2104 817 2143; x_wconf 77' lang='lat' dir='ltr'><strong>a</strong></span> <span class='ocrx_word' id='word_1_142' title='bbox 1262 2092 1367 2142; x_wconf 83' lang='lat' dir='ltr'><strong>aut</strong></span> <span class='ocrx_word' id='word_1_143' title='bbox 1826 2085 1902 2143; x_wconf 84' lang='lat' dir='ltr'><strong>ob</strong></span> <span class='ocrx_word' id='word_1_144' title='bbox 2386 2082 2548 2162; x_wconf 83' lang='lat' dir='ltr'><strong>quod</strong></span> 
     </span>
     <span class='ocr_line' id='line_1_19' title="bbox 777 2176 2483 2257; baseline -0.001 -18"><span class='ocrx_word' id='word_1_145' title='bbox 777 2181 853 2239; x_wconf 82' lang='lat' dir='ltr'><strong>ab</strong></span> <span class='ocrx_word' id='word_1_146' title='bbox 1265 2176 1401 2238; x_wconf 82' lang='lat' dir='ltr'><strong>dein</strong></span> <span class='ocrx_word' id='word_1_147' title='bbox 1823 2198 1925 2257; x_wconf 88' lang='lat' dir='ltr'><strong>per</strong></span> <span class='ocrx_word' id='word_1_148' title='bbox 2382 2179 2483 2239; x_wconf 80' lang='lat' dir='ltr'><strong>hic</strong></span> 
     </span>
     <span class='ocr_line' id='line_1_20' title="bbox 777 2270 2515 2333; baseline 0 0"><span class='ocrx_word' id='word_1_149' title='bbox 777 2274 882 2333; x_wconf 76' lang='lat' dir='ltr'><strong>abs</strong></span> <span class='ocrx_word' id='word_1_150' title='bbox 1259 2290 1300 2329; x_wconf 80' lang='lat' dir='ltr'><strong>e</strong></span> <span class='ocrx_word' id='word_1_151' title='bbox 1828 2270 1934 2330; x_wconf 81' lang='lat' dir='ltr'><strong>sed</strong></span> <span class='ocrx_word' id='word_1_152' title='bbox 2381 2273 2515 2333; x_wconf 78' lang='lat' dir='ltr'><strong>hoec</strong></span> 
     </span>
     <span class='ocr_line' id='line_1_21' title="bbox 777 2366 2496 2433; baseline 0.002 -9"><span class='ocrx_word' id='word_1_153' title='bbox 777 2368 856 2433; x_wconf 78' lang='lat' dir='ltr'><strong>ad</strong></span> <span class='ocrx_word' id='word_1_154' title='bbox 1263 2384 1336 2424; x_wconf 87' lang='lat' dir='ltr'><strong>ex</strong></span> <span class='ocrx_word' id='word_1_155' title='bbox 1817 2366 1913 2423; x_wconf 82' lang='lat' dir='ltr'><strong>vel</strong></span> <span class='ocrx_word' id='word_1_156' title='bbox 2380 2368 2496 2428; x_wconf 87' lang='lat' dir='ltr'><strong>hoc</strong></span> 
     </span>
     <span class='ocr_line' id='line_1_22' title="bbox 779 2458 2521 2524; baseline 0.002 -3"><span class='ocrx_word' id='word_1_157' title='bbox 779 2483 856 2523; x_wconf 83' lang='lat' dir='ltr'><strong>an</strong></span> <span class='ocrx_word' id='word_1_158' title='bbox 1261 2458 1426 2518; x_wconf 77' lang='lat' dir='ltr'><strong>haud</strong></span> <span class='ocrx_word' id='word_1_159' title='bbox 1824 2473 1892 2521; x_wconf 88' lang='lat' dir='ltr'><strong>ut</strong></span> <span class='ocrx_word' id='word_1_160' title='bbox 2378 2464 2521 2524; x_wconf 79' lang='lat' dir='ltr'><strong>huic</strong></span> 
     </span>
     <span class='ocr_line' id='line_1_23' title="bbox 780 2556 2547 2636; baseline 0.001 -17"><span class='ocrx_word' id='word_1_161' title='bbox 780 2568 844 2619; x_wconf 77' lang='lat' dir='ltr'><strong>at</strong></span> <span class='ocrx_word' id='word_1_162' title='bbox 1265 2557 1324 2615; x_wconf 87' lang='lat' dir='ltr'><strong>in</strong></span> <span class='ocrx_word' id='word_1_163' title='bbox 1829 2556 1976 2636; x_wconf 85' lang='lat' dir='ltr'><strong>proh</strong></span> <span class='ocrx_word' id='word_1_164' title='bbox 2384 2558 2547 2622; x_wconf 86' lang='lat' dir='ltr'><strong>hunc</strong></span> 
     </span>
     <span class='ocr_line' id='line_1_24' title="bbox 781 2654 2537 2733; baseline 0.001 -19"><span class='ocrx_word' id='word_1_165' title='bbox 781 2664 841 2714; x_wconf 87' lang='lat' dir='ltr'><strong>et</strong></span> <span class='ocrx_word' id='word_1_166' title='bbox 1265 2672 1377 2711; x_wconf 88' lang='lat' dir='ltr'><strong>nec</strong></span> <span class='ocrx_word' id='word_1_167' title='bbox 1828 2654 1928 2733; x_wconf 92' lang='lat' dir='ltr'><strong>qui</strong></span> <span class='ocrx_word' id='word_1_168' title='bbox 2382 2654 2537 2717; x_wconf 80' lang='lat' dir='ltr'><strong>hanc</strong></span> 
     </span>
     <span class='ocr_line' id='line_1_25' title="bbox 776 2746 2699 2830; baseline 0.001 -21"><span class='ocrx_word' id='word_1_169' title='bbox 776 2749 899 2829; x_wconf 80' lang='lat' dir='ltr'><strong>atq&#39;</strong></span> <span class='ocrx_word' id='word_1_170' title='bbox 917 2748 1062 2830; x_wconf 86' lang='lat' dir='ltr'><strong>(vel)</strong></span> <span class='ocrx_word' id='word_1_171' title='bbox 1079 2766 1148 2807; x_wconf 82' lang='lat' dir='ltr'><strong>ac</strong></span> <span class='ocrx_word' id='word_1_172' title='bbox 1267 2766 1424 2807; x_wconf 89' lang='lat' dir='ltr'><strong>nunc</strong></span> <span class='ocrx_word' id='word_1_173' title='bbox 1826 2746 1971 2827; x_wconf 85' lang='lat' dir='ltr'><strong>quid</strong></span> <span class='ocrx_word' id='word_1_174' title='bbox 2388 2750 2502 2812; x_wconf 88' lang='lat' dir='ltr'><strong>hoc</strong></span> <span class='ocrx_word' id='word_1_175' title='bbox 2528 2752 2699 2830; x_wconf 78' lang='lat' dir='ltr'><strong>(abl.)</strong></span> 
     </span>
     <span class='ocr_line' id='line_1_26' title="bbox 693 2864 2423 2973; baseline 0.002 -51"><span class='ocrx_word' id='word_1_176' title='bbox 693 2864 808 2923; x_wconf 80' lang='lat' dir='ltr'><strong>hac</strong></span> <span class='ocrx_word' id='word_1_177' title='bbox 2112 2926 2151 2960; x_wconf 58' lang='grc' dir='ltr'><strong>ο</strong></span> <span class='ocrx_word' id='word_1_178' title='bbox 2398 2922 2423 2973; x_wconf 70' lang='lat' dir='ltr'><strong>t</strong></span> 
     </span>
     <span class='ocr_line' id='line_1_27' title="bbox 693 2932 2484 3034; baseline 0.001 -18"><span class='ocrx_word' id='word_1_179' title='bbox 693 2958 819 3018; x_wconf 85' lang='lat' dir='ltr'><strong>huc</strong></span> <span class='ocrx_word' id='word_1_180' title='bbox 1364 2976 1498 3018; x_wconf 89' lang='lat' dir='ltr'><strong>cum</strong></span> <span class='ocrx_word' id='word_1_181' title='bbox 1644 2978 1780 3021; x_wconf 82' lang='lat' dir='ltr'><strong>rem</strong></span> <span class='ocrx_word' id='word_1_182' title='bbox 2112 2962 2153 3029; x_wconf 71' lang='grc' dir='ltr'>Ξ</span> <span class='ocrx_word' id='word_1_183' title='bbox 2330 2932 2395 2973; x_wconf 61' lang='lat'><strong>⁶⁸</strong></span> <span class='ocrx_word' id='word_1_184' title='bbox 2468 3010 2484 3034; x_wconf 88' lang='lat'><strong>,</strong></span> 
     </span>
     <span class='ocr_line' id='line_1_28' title="bbox 695 3020 2465 3139; baseline 0.002 -28"><span class='ocrx_word' id='word_1_185' title='bbox 695 3053 837 3113; x_wconf 86' lang='lat' dir='ltr'><strong>hinc</strong></span> <span class='ocrx_word' id='word_1_186' title='bbox 1367 3052 1506 3111; x_wconf 88' lang='lat' dir='ltr'><strong>dum</strong></span> <span class='ocrx_word' id='word_1_187' title='bbox 1664 3074 1844 3131; x_wconf 89' lang='lat' dir='ltr'><strong>quum</strong></span> <span class='ocrx_word' id='word_1_188' title='bbox 2034 3064 2073 3139; x_wconf 71' lang='lat' dir='ltr'>g</span> <span class='ocrx_word' id='word_1_189' title='bbox 2094 3031 2173 3137; x_wconf 64' lang='lat' dir='ltr'><strong>{j</strong></span> <span class='ocrx_word' id='word_1_190' title='bbox 2332 3020 2465 3069; x_wconf 62' lang='lat' dir='ltr'><strong>estu</strong></span> 
     </span>
     <span class='ocr_line' id='line_1_29' title="bbox 699 3115 2473 3228; baseline 0 -22"><span class='ocrx_word' id='word_1_191' title='bbox 699 3148 840 3207; x_wconf 86' lang='lat' dir='ltr'><strong>mihi</strong></span> <span class='ocrx_word' id='word_1_192' title='bbox 862 3148 1148 3223; x_wconf 84' lang='lat' dir='ltr'><strong>(monos.)</strong></span> <span class='ocrx_word' id='word_1_193' title='bbox 1365 3148 1498 3206; x_wconf 87' lang='lat' dir='ltr'><strong>hem</strong></span> <span class='ocrx_word' id='word_1_194' title='bbox 1661 3168 1835 3224; x_wconf 90' lang='lat' dir='ltr'><strong>quem</strong></span> <span class='ocrx_word' id='word_1_195' title='bbox 2033 3140 2093 3228; x_wconf 60' lang='grc' dir='ltr'>ἓ</span> <span class='ocrx_word' id='word_1_196' title='bbox 2114 3142 2153 3220; x_wconf 70' lang='grc' dir='ltr'>ἕ</span> <span class='ocrx_word' id='word_1_197' title='bbox 2332 3115 2473 3163; x_wconf 56' lang='lat'><strong>⁸⁰⁰¹:</strong></span> 
     </span>
     <span class='ocr_line' id='line_1_30' title="bbox 699 3197 2461 3320; baseline 0.005 -22"><span class='ocrx_word' id='word_1_198' title='bbox 699 3240 750 3299; x_wconf 85' lang='lat' dir='ltr'><strong>is</strong></span> <span class='ocrx_word' id='word_1_199' title='bbox 1354 3241 1482 3318; x_wconf 82' lang='lat' dir='ltr'><strong>jam</strong></span> <span class='ocrx_word' id='word_1_200' title='bbox 1666 3262 1843 3320; x_wconf 87' lang='lat' dir='ltr'><strong>quam</strong></span> <span class='ocrx_word' id='word_1_201' title='bbox 2033 3232 2072 3293; x_wconf 63' lang='lat'><strong>‘3</strong></span> <span class='ocrx_word' id='word_1_202' title='bbox 2113 3224 2161 3315; x_wconf 68' lang='grc' dir='ltr'>ἕ</span> <span class='ocrx_word' id='word_1_203' title='bbox 2330 3197 2461 3306; x_wconf 38' lang='grc' dir='ltr'><strong>φη</strong></span> 
     </span>
     <span class='ocr_line' id='line_1_31' title="bbox 700 3294 2711 3419; baseline 0.002 -26"><span class='ocrx_word' id='word_1_204' title='bbox 700 3335 762 3393; x_wconf 92' lang='lat' dir='ltr'><strong>id</strong></span> <span class='ocrx_word' id='word_1_205' title='bbox 1366 3354 1502 3394; x_wconf 83' lang='lat' dir='ltr'><strong>nam</strong></span> <span class='ocrx_word' id='word_1_206' title='bbox 2112 3342 2152 3417; x_wconf 63' lang='lat' dir='ltr'>g</span> <span class='ocrx_word' id='word_1_207' title='bbox 2331 3311 2419 3419; x_wconf 52' lang='lat'><strong>‚7¹5</strong></span> <span class='ocrx_word' id='word_1_208' title='bbox 2444 3294 2527 3369; x_wconf 46' lang='grc' dir='ltr'><strong>(θ’</strong></span> <span class='ocrx_word' id='word_1_209' title='bbox 2548 3295 2711 3371; x_wconf 52' lang='grc' dir='ltr'><strong>νοω)</strong></span> 
     </span>
     <span class='ocr_line' id='line_1_32' title="bbox 701 3404 2424 3487; baseline 0.001 -1"><span class='ocrx_word' id='word_1_210' title='bbox 701 3427 845 3487; x_wconf 73' lang='lat' dir='ltr'><strong>nihil</strong></span> <span class='ocrx_word' id='word_1_211' title='bbox 2112 3420 2162 3477; x_wconf 67' lang='grc' dir='ltr'><strong>’ὅ</strong></span> <span class='ocrx_word' id='word_1_212' title='bbox 2330 3404 2379 3446; x_wconf 57' lang='lat'><strong>¹¹⁸</strong></span> <span class='ocrx_word' id='word_1_213' title='bbox 2407 3430 2424 3448; x_wconf 92' lang='lat'><strong>·</strong></span> 
     </span>
    </p>
   </div>
   <div class='ocr_carea' id='block_1_4' title="bbox 613 3570 2813 4238">
    <p class='ocr_par' dir='ltr' id='par_1_6' title="bbox 613 3570 2813 4238">
     <span class='ocr_line' id='line_1_33' title="bbox 705 3570 2813 3663; baseline 0.009 -35"><span class='ocrx_word' id='word_1_214' title='bbox 705 3570 826 3643; x_wconf 77' lang='lat' dir='ltr'><strong>Ad,</strong></span> <span class='ocrx_word' id='word_1_215' title='bbox 854 3572 949 3642; x_wconf 86' lang='lat' dir='ltr'><strong>ab,</strong></span> <span class='ocrx_word' id='word_1_216' title='bbox 980 3571 1108 3644; x_wconf 79' lang='lat' dir='ltr'><strong>abs,</strong></span> <span class='ocrx_word' id='word_1_217' title='bbox 1137 3574 1234 3645; x_wconf 88' lang='lat' dir='ltr'><strong>ob,</strong></span> <span class='ocrx_word' id='word_1_218' title='bbox 1267 3594 1366 3647; x_wconf 78' lang='lat' dir='ltr'><strong>an,</strong></span> <span class='ocrx_word' id='word_1_219' title='bbox 1395 3576 1476 3645; x_wconf 89' lang='lat' dir='ltr'><strong>in,</strong></span> <span class='ocrx_word' id='word_1_220' title='bbox 1519 3595 1656 3648; x_wconf 86' lang='lat' dir='ltr'><strong>con,</strong></span> <span class='ocrx_word' id='word_1_221' title='bbox 1700 3577 1759 3643; x_wconf 75' lang='lat' dir='ltr'><strong>in</strong></span> <span class='ocrx_word' id='word_1_222' title='bbox 1787 3582 2209 3657; x_wconf 80' lang='lat' dir='ltr'><strong>compositione</strong></span> <span class='ocrx_word' id='word_1_223' title='bbox 2234 3582 2412 3642; x_wconf 76' lang='lat' dir='ltr'><strong>etism</strong></span> <span class='ocrx_word' id='word_1_224' title='bbox 2448 3602 2607 3663; x_wconf 81' lang='lat' dir='ltr'><strong>saepe</strong></span> <span class='ocrx_word' id='word_1_225' title='bbox 2634 3588 2813 3647; x_wconf 86' lang='lat' dir='ltr'><strong>corri-</strong></span> 
     </span>
     <span class='ocr_line' id='line_1_34' title="bbox 623 3667 2811 3761; baseline 0.009 -37"><span class='ocrx_word' id='word_1_226' title='bbox 623 3667 883 3746; x_wconf 81' lang='lat' dir='ltr'><strong>piuntur,</strong></span> <span class='ocrx_word' id='word_1_227' title='bbox 931 3685 1066 3726; x_wconf 85' lang='lat' dir='ltr'><strong>oum</strong></span> <span class='ocrx_word' id='word_1_228' title='bbox 1115 3669 1304 3729; x_wconf 83' lang='lat' dir='ltr'><strong>brevis</strong></span> <span class='ocrx_word' id='word_1_229' title='bbox 1355 3672 1436 3729; x_wconf 88' lang='lat' dir='ltr'><strong>sit</strong></span> <span class='ocrx_word' id='word_1_230' title='bbox 1462 3672 1721 3731; x_wconf 85' lang='lat' dir='ltr'><strong>omnium</strong></span> <span class='ocrx_word' id='word_1_231' title='bbox 1756 3674 1999 3735; x_wconf 79' lang='lat' dir='ltr'><strong>vocalis.</strong></span> <span class='ocrx_word' id='word_1_232' title='bbox 2083 3684 2121 3712; x_wconf 88' lang='lat'><strong>“</strong></span> <span class='ocrx_word' id='word_1_233' title='bbox 2148 3678 2439 3739; x_wconf 83' lang='lat' dir='ltr'><strong>Observat</strong></span> <span class='ocrx_word' id='word_1_234' title='bbox 2466 3682 2811 3761; x_wconf 83' lang='lat' dir='ltr'><strong>curioseque</strong></span> 
     </span>
     <span class='ocr_line' id='line_1_35' title="bbox 613 3760 2811 3851; baseline 0.008 -30"><span class='ocrx_word' id='word_1_235' title='bbox 613 3760 1033 3822; x_wconf 74' lang='lat' dir='ltr'><strong>animadvertit</strong></span> <span class='ocrx_word' id='word_1_236' title='bbox 1058 3766 1152 3839; x_wconf 88' lang='lat' dir='ltr'><strong>(ut</strong></span> <span class='ocrx_word' id='word_1_237' title='bbox 1179 3765 1360 3825; x_wconf 87' lang='lat' dir='ltr'><strong>Gellii</strong></span> <span class='ocrx_word' id='word_1_238' title='bbox 1387 3768 1575 3827; x_wconf 79' lang='lat' dir='ltr'><strong>verbis</strong></span> <span class='ocrx_word' id='word_1_239' title='bbox 1615 3780 1769 3841; x_wconf 78' lang='lat' dir='ltr'><strong>utar,</strong></span> <span class='ocrx_word' id='word_1_240' title='bbox 1815 3770 1855 3829; x_wconf 91' lang='lat' dir='ltr'><strong>l.</strong></span> <span class='ocrx_word' id='word_1_241' title='bbox 1892 3791 1968 3833; x_wconf 88' lang='lat'><strong>11.</strong></span> <span class='ocrx_word' id='word_1_242' title='bbox 1994 3790 2048 3833; x_wconf 88' lang='lat' dir='ltr'><strong>c.</strong></span> <span class='ocrx_word' id='word_1_243' title='bbox 2080 3776 2199 3850; x_wconf 89' lang='grc'><strong>17.)</strong></span> <span class='ocrx_word' id='word_1_244' title='bbox 2242 3776 2330 3835; x_wconf 90' lang='grc' dir='ltr'><strong>Μ.</strong></span> <span class='ocrx_word' id='word_1_245' title='bbox 2357 3776 2605 3849; x_wconf 83' lang='lat' dir='ltr'><strong>Tullius,</strong></span> <span class='ocrx_word' id='word_1_246' title='bbox 2646 3778 2703 3835; x_wconf 91' lang='lat' dir='ltr'><strong>in</strong></span> <span class='ocrx_word' id='word_1_247' title='bbox 2732 3792 2811 3851; x_wconf 85' lang='lat' dir='ltr'><strong>et,</strong></span> 
     </span>
     <span class='ocr_line' id='line_1_36' title="bbox 613 3858 2811 3951; baseline 0.007 -33"><span class='ocrx_word' id='word_1_248' title='bbox 613 3876 756 3929; x_wconf 79' lang='lat' dir='ltr'><strong>con,</strong></span> <span class='ocrx_word' id='word_1_249' title='bbox 777 3858 1233 3936; x_wconf 68' lang='lat' dir='ltr'><strong>praepositiones</strong></span> <span class='ocrx_word' id='word_1_250' title='bbox 1263 3871 1404 3923; x_wconf 84' lang='lat' dir='ltr'><strong>tunc</strong></span> <span class='ocrx_word' id='word_1_251' title='bbox 1433 3864 1683 3943; x_wconf 85' lang='lat' dir='ltr'><strong>produci</strong></span> <span class='ocrx_word' id='word_1_252' title='bbox 1710 3876 1889 3945; x_wconf 81' lang='lat' dir='ltr'><strong>atque</strong></span> <span class='ocrx_word' id='word_1_253' title='bbox 1917 3870 2212 3948; x_wconf 88' lang='lat' dir='ltr'><strong>protendi,</strong></span> <span class='ocrx_word' id='word_1_254' title='bbox 2240 3890 2375 3931; x_wconf 87' lang='lat' dir='ltr'><strong>cum</strong></span> <span class='ocrx_word' id='word_1_255' title='bbox 2392 3871 2577 3931; x_wconf 83' lang='lat' dir='ltr'><strong>literae</strong></span> <span class='ocrx_word' id='word_1_256' title='bbox 2600 3892 2811 3951; x_wconf 88' lang='lat' dir='ltr'><strong>seque-</strong></span> 
     </span>
     <span class='ocr_line' id='line_1_37' title="bbox 620 3955 2808 4042; baseline 0.007 -29"><span class='ocrx_word' id='word_1_257' title='bbox 620 3962 841 4025; x_wconf 80' lang='lat' dir='ltr'><strong>rentur,</strong></span> <span class='ocrx_word' id='word_1_258' title='bbox 869 3972 1006 4033; x_wconf 80' lang='lat' dir='ltr'><strong>quoe</strong></span> <span class='ocrx_word' id='word_1_259' title='bbox 1033 3955 1236 4032; x_wconf 72' lang='lat' dir='ltr'><strong>primae</strong></span> <span class='ocrx_word' id='word_1_260' title='bbox 1259 3968 1401 4016; x_wconf 89' lang='lat' dir='ltr'><strong>sunt</strong></span> <span class='ocrx_word' id='word_1_261' title='bbox 1439 3959 1521 4032; x_wconf 91' lang='lat' dir='ltr'><strong>in,</strong></span> <span class='ocrx_word' id='word_1_262' title='bbox 1564 3962 1851 4039; x_wconf 79' lang='lat' dir='ltr'><strong>sapiente,</strong></span> <span class='ocrx_word' id='word_1_263' title='bbox 1892 3974 2089 4042; x_wconf 78' lang='lat' dir='ltr'><strong>atque,</strong></span> <span class='ocrx_word' id='word_1_264' title='bbox 2120 3966 2321 4026; x_wconf 83' lang='lat' dir='ltr'><strong>selice:</strong></span> <span class='ocrx_word' id='word_1_265' title='bbox 2365 3966 2425 4024; x_wconf 90' lang='lat' dir='ltr'><strong>in</strong></span> <span class='ocrx_word' id='word_1_266' title='bbox 2454 3968 2585 4027; x_wconf 78' lang='lat' dir='ltr'><strong>aliis</strong></span> <span class='ocrx_word' id='word_1_267' title='bbox 2613 3980 2808 4028; x_wconf 77' lang='lat' dir='ltr'><strong>autem</strong></span> 
     </span>
     <span class='ocr_line' id='line_1_38' title="bbox 621 4049 2809 4143; baseline 0.009 -37"><span class='ocrx_word' id='word_1_268' title='bbox 621 4049 890 4108; x_wconf 85' lang='lat' dir='ltr'><strong>omnibus</strong></span> <span class='ocrx_word' id='word_1_269' title='bbox 941 4058 1206 4128; x_wconf 80' lang='lat' dir='ltr'><strong>correpte</strong></span> <span class='ocrx_word' id='word_1_270' title='bbox 1245 4054 1667 4129; x_wconf 76' lang='lat' dir='ltr'><strong>pronuntiari.’&#39;</strong></span> <span class='ocrx_word' id='word_1_271' title='bbox 1750 4056 1900 4124; x_wconf 76' lang='lat' dir='ltr'><strong>Ques</strong></span> <span class='ocrx_word' id='word_1_272' title='bbox 1949 4078 2089 4119; x_wconf 80' lang='lat' dir='ltr'><strong>vero</strong></span> <span class='ocrx_word' id='word_1_273' title='bbox 2136 4062 2197 4120; x_wconf 90' lang='lat' dir='ltr'><strong>in</strong></span> <span class='ocrx_word' id='word_1_274' title='bbox 2236 4080 2503 4123; x_wconf 88' lang='lat' dir='ltr'><strong>sermone</strong></span> <span class='ocrx_word' id='word_1_275' title='bbox 2543 4076 2809 4143; x_wconf 85' lang='lat' dir='ltr'><strong>correpte</strong></span> 
     </span>
     <span class='ocr_line' id='line_1_39' title="bbox 614 4143 2805 4238; baseline 0.007 -35"><span class='ocrx_word' id='word_1_276' title='bbox 614 4143 1169 4222; x_wconf 80' lang='lat' dir='ltr'><strong>pronuntiabantur,</strong></span> <span class='ocrx_word' id='word_1_277' title='bbox 1191 4147 1258 4207; x_wconf 85' lang='lat' dir='ltr'><strong>in</strong></span> <span class='ocrx_word' id='word_1_278' title='bbox 1289 4148 1548 4210; x_wconf 78' lang='lat' dir='ltr'><strong>versibus</strong></span> <span class='ocrx_word' id='word_1_279' title='bbox 1577 4169 1811 4231; x_wconf 88' lang='lat' dir='ltr'><strong>quoque</strong></span> <span class='ocrx_word' id='word_1_280' title='bbox 1856 4153 2082 4217; x_wconf 85' lang='lat' dir='ltr'><strong>Comici</strong></span> <span class='ocrx_word' id='word_1_281' title='bbox 2116 4174 2221 4235; x_wconf 90' lang='lat' dir='ltr'><strong>pro</strong></span> <span class='ocrx_word' id='word_1_282' title='bbox 2248 4158 2483 4218; x_wconf 81' lang='lat' dir='ltr'><strong>arbitrio</strong></span> <span class='ocrx_word' id='word_1_283' title='bbox 2510 4157 2805 4238; x_wconf 83' lang='lat' dir='ltr'><strong>corripue-</strong></span> 
     </span>
    </p>
   </div>
   <div class='ocr_carea' id='block_1_5' title="bbox 3215 2174 3221 3135">
    <p class='ocr_par' dir='ltr' id='par_1_7' title="bbox 3215 2174 3221 3135">
     <span class='ocr_line' id='line_1_40' title="bbox 3215 2174 3221 3135; baseline 0 0"><span class='ocrx_word' id='word_1_284' title='bbox 3215 2174 3221 3135; x_wconf 95' lang='lat' dir='ltr'><strong> </strong></span> 
     </span>
    </p>
   </div>
  </div>
 </body>
</html>
