<?xml version="1.0" encoding="UTF-8"?>
<!DOCTYPE html PUBLIC "-//W3C//DTD XHTML 1.0 Transitional//EN"
    "http://www.w3.org/TR/xhtml1/DTD/xhtml1-transitional.dtd">
<html xmlns="http://www.w3.org/1999/xhtml" xml:lang="en" lang="en">
 <head>
  <title>
</title>
<meta http-equiv="Content-Type" content="text/html;charset=utf-8" />
  <meta name='ocr-system' content='tesseract 3.04.00' />
  <meta name='ocr-capabilities' content='ocr_page ocr_carea ocr_par ocr_line ocrx_word'/>
</head>
<body>
  <div class='ocr_page' id='page_1' title='image "./comoedisex10westgoog_0197.png"; bbox 0 0 3234 4934; ppageno 0'>
   <div class='ocr_carea' id='block_1_1' title="bbox 1089 390 2653 459">
    <p class='ocr_par' dir='ltr' id='par_1_1' title="bbox 1089 390 2653 459">
     <span class='ocr_line' id='line_1_1' title="bbox 1089 390 2653 459; baseline 0.005 -12"><span class='ocrx_word' id='word_1_1' title='bbox 1089 400 1194 449; x_wconf 71' lang='lat' dir='ltr'><strong>An</strong></span> <span class='ocrx_word' id='word_1_2' title='bbox 1244 398 1505 449; x_wconf 65' lang='lat' dir='ltr'><strong>Marna</strong></span> <span class='ocrx_word' id='word_1_3' title='bbox 1553 397 1945 450; x_wconf 67' lang='lat' dir='ltr'><strong>vannum.</strong></span> <span class='ocrx_word' id='word_1_4' title='bbox 2524 390 2653 459; x_wconf 77' lang='grc'><strong>189</strong></span> 
     </span>
    </p>
   </div>
   <div class='ocr_carea' id='block_1_2' title="bbox 455 531 2655 907">
    <p class='ocr_par' dir='ltr' id='par_1_2' title="bbox 455 531 2655 907">
     <span class='ocr_line' id='line_1_2' title="bbox 456 531 2654 623; baseline 0.005 -26"><span class='ocrx_word' id='word_1_5' title='bbox 456 534 638 598; x_wconf 87' lang='lat' dir='ltr'><strong>modo</strong></span> <span class='ocrx_word' id='word_1_6' title='bbox 656 531 908 598; x_wconf 79' lang='lat' dir='ltr'><strong>&#39;tollatur</strong></span> <span class='ocrx_word' id='word_1_7' title='bbox 934 536 1105 612; x_wconf 89' lang='lat' dir='ltr'><strong>illud,</strong></span> <span class='ocrx_word' id='word_1_8' title='bbox 1135 550 1247 613; x_wconf 86' lang='lat' dir='ltr'><strong>est,</strong></span> <span class='ocrx_word' id='word_1_9' title='bbox 1277 541 1442 621; x_wconf 89' lang='lat' dir='ltr'><strong>quod·</strong></span> <span class='ocrx_word' id='word_1_10' title='bbox 1466 560 1539 603; x_wconf 84' lang='lat' dir='ltr'><strong>ex</strong></span> <span class='ocrx_word' id='word_1_11' title='bbox 1567 540 1928 621; x_wconf 70' lang='lat' dir='ltr'><strong>glossemate</strong></span> <span class='ocrx_word' id='word_1_12' title='bbox 1973 540 2091 602; x_wconf 88' lang='lat' dir='ltr'><strong>huc</strong></span> <span class='ocrx_word' id='word_1_13' title='bbox 2118 542 2369 623; x_wconf 83' lang='lat' dir='ltr'><strong>irrepsit.</strong></span> <span class='ocrx_word' id='word_1_14' title='bbox 2450 540 2654 607; x_wconf 82' lang='lat' dir='ltr'><strong>Possit</strong></span> 
     </span>
     <span class='ocr_line' id='line_1_3' title="bbox 455 628 2653 718; baseline 0.003 -24"><span class='ocrx_word' id='word_1_15' title='bbox 455 628 657 694; x_wconf 73' lang='lat' dir='ltr'><strong>referri</strong></span> <span class='ocrx_word' id='word_1_16' title='bbox 687 644 749 695; x_wconf 89' lang='lat' dir='ltr'><strong>et</strong></span> <span class='ocrx_word' id='word_1_17' title='bbox 775 635 851 694; x_wconf 89' lang='lat' dir='ltr'><strong>ad</strong></span> <span class='ocrx_word' id='word_1_18' title='bbox 881 656 1070 714; x_wconf 88' lang='lat' dir='ltr'><strong>genus</strong></span> <span class='ocrx_word' id='word_1_19' title='bbox 1095 637 1570 698; x_wconf 82' lang='lat' dir='ltr'><strong>choriambicum.</strong></span> <span class='ocrx_word' id='word_1_20' title='bbox 1656 638 1967 698; x_wconf 77' lang='lat' dir='ltr'><strong>Secundus</strong></span> <span class='ocrx_word' id='word_1_21' title='bbox 2010 648 2209 718; x_wconf 88' lang='lat' dir='ltr'><strong>potest</strong></span> <span class='ocrx_word' id='word_1_22' title='bbox 2236 658 2371 699; x_wconf 85' lang='lat' dir='ltr'><strong>esse</strong></span> <span class='ocrx_word' id='word_1_23' title='bbox 2398 641 2653 702; x_wconf 87' lang='lat' dir='ltr'><strong>trochai-</strong></span> 
     </span>
     <span class='ocr_line' id='line_1_4' title="bbox 459 731 2655 812; baseline 0.004 -24"><span class='ocrx_word' id='word_1_24' title='bbox 459 748 569 789; x_wconf 87' lang='lat' dir='ltr'><strong>cus</strong></span> <span class='ocrx_word' id='word_1_25' title='bbox 601 731 863 790; x_wconf 87' lang='lat' dir='ltr'><strong>senarius</strong></span> <span class='ocrx_word' id='word_1_26' title='bbox 891 732 1274 793; x_wconf 79' lang='lat' dir='ltr'><strong>catalecticus</strong></span> <span class='ocrx_word' id='word_1_27' title='bbox 1297 752 1315 801; x_wconf 89' lang='lat'>;</span> <span class='ocrx_word' id='word_1_28' title='bbox 1381 732 1488 792; x_wconf 87' lang='lat' dir='ltr'><strong>sed</strong></span> <span class='ocrx_word' id='word_1_29' title='bbox 1533 734 1784 793; x_wconf 83' lang='lat' dir='ltr'><strong>fortasse</strong></span> <span class='ocrx_word' id='word_1_30' title='bbox 1830 733 2113 793; x_wconf 78' lang='lat' dir='ltr'><strong>iambicus</strong></span> <span class='ocrx_word' id='word_1_31' title='bbox 2159 734 2417 796; x_wconf 78' lang='lat' dir='ltr'><strong>trimeter</strong></span> <span class='ocrx_word' id='word_1_32' title='bbox 2443 737 2655 812; x_wconf 84' lang='lat' dir='ltr'><strong>fuerat,</strong></span> 
     </span>
     <span class='ocr_line' id='line_1_5' title="bbox 461 823 1546 907; baseline 0.005 -25"><span class='ocrx_word' id='word_1_33' title='bbox 461 823 546 884; x_wconf 90' lang='lat' dir='ltr'><strong>sic</strong></span> <span class='ocrx_word' id='word_1_34' title='bbox 575 824 652 885; x_wconf 90' lang='lat' dir='ltr'><strong>ad</strong></span> <span class='ocrx_word' id='word_1_35' title='bbox 679 826 922 893; x_wconf 60' lang='lat' dir='ltr'><strong>tormam</strong></span> <span class='ocrx_word' id='word_1_36' title='bbox 951 846 1118 887; x_wconf 87' lang='lat' dir='ltr'><strong>suam</strong></span> <span class='ocrx_word' id='word_1_37' title='bbox 1145 826 1546 907; x_wconf 87' lang='lat' dir='ltr'><strong>redigendus:</strong></span> 
     </span>
    </p>
   </div>
   <div class='ocr_carea' id='block_1_3' title="bbox 699 952 1965 1041">
    <p class='ocr_par' dir='ltr' id='par_1_3' title="bbox 699 952 1965 1041">
     <span class='ocr_line' id='line_1_6' title="bbox 699 952 1965 1041; baseline 0.004 -31"><span class='ocrx_word' id='word_1_38' title='bbox 699 952 915 1012; x_wconf 88' lang='lat' dir='ltr'><strong>Innata</strong></span> <span class='ocrx_word' id='word_1_39' title='bbox 938 953 1214 1034; x_wconf 79' lang='lat' dir='ltr'><strong>cuiquam</strong></span> <span class='ocrx_word' id='word_1_40' title='bbox 1241 964 1408 1015; x_wconf 87' lang='lat' dir='ltr'><strong>tanta</strong></span> <span class='ocrx_word' id='word_1_41' title='bbox 1434 964 1502 1014; x_wconf 92' lang='lat' dir='ltr'><strong>ut</strong></span> <span class='ocrx_word' id='word_1_42' title='bbox 1530 954 1642 1015; x_wconf 88' lang='lat' dir='ltr'><strong>siet</strong></span> <span class='ocrx_word' id='word_1_43' title='bbox 1668 954 1965 1041; x_wconf 75' lang='lat' dir='ltr'><strong>vecordia.</strong></span> 
     </span>
    </p>
   </div>
   <div class='ocr_carea' id='block_1_4' title="bbox 457 1078 2656 1351">
    <p class='ocr_par' dir='ltr' id='par_1_4' title="bbox 457 1078 2656 1351">
     <span class='ocr_line' id='line_1_7' title="bbox 541 1078 2655 1161; baseline 0.004 -23"><span class='ocrx_word' id='word_1_44' title='bbox 541 1079 732 1152; x_wconf 89' lang='lat' dir='ltr'><strong>Tunc,</strong></span> <span class='ocrx_word' id='word_1_45' title='bbox 761 1079 894 1153; x_wconf 88' lang='lat' dir='ltr'><strong>siet,</strong></span> <span class='ocrx_word' id='word_1_46' title='bbox 919 1078 1094 1141; x_wconf 88' lang='lat' dir='ltr'><strong>fuerit</strong></span> <span class='ocrx_word' id='word_1_47' title='bbox 1127 1081 1623 1161; x_wconf 77' lang='lat' dir='ltr'><strong>monosyllabum.</strong></span> <span class='ocrx_word' id='word_1_48' title='bbox 1689 1082 1976 1159; x_wconf 81' lang='lat' dir='ltr'><strong>Exempla</strong></span> <span class='ocrx_word' id='word_1_49' title='bbox 2014 1082 2243 1142; x_wconf 83' lang='lat' dir='ltr'><strong>infinita</strong></span> <span class='ocrx_word' id='word_1_50' title='bbox 2272 1093 2433 1145; x_wconf 85' lang='lat' dir='ltr'><strong>sunt.</strong></span> <span class='ocrx_word' id='word_1_51' title='bbox 2514 1086 2655 1147; x_wconf 88' lang='lat' dir='ltr'><strong>Ter-</strong></span> 
     </span>
     <span class='ocr_line' id='line_1_8' title="bbox 459 1174 2656 1258; baseline 0.003 -23"><span class='ocrx_word' id='word_1_52' title='bbox 459 1178 574 1235; x_wconf 87' lang='lat' dir='ltr'><strong>tius</strong></span> <span class='ocrx_word' id='word_1_53' title='bbox 604 1186 698 1235; x_wconf 88' lang='lat' dir='ltr'><strong>est</strong></span> <span class='ocrx_word' id='word_1_54' title='bbox 733 1174 1068 1235; x_wconf 75' lang='lat' dir='ltr'><strong>trochaicus</strong></span> <span class='ocrx_word' id='word_1_55' title='bbox 1113 1177 1481 1255; x_wconf 80' lang='lat' dir='ltr'><strong>septenarius</strong></span> <span class='ocrx_word' id='word_1_56' title='bbox 1531 1177 1939 1250; x_wconf 80' lang='lat' dir='ltr'><strong>catalecticus,</strong></span> <span class='ocrx_word' id='word_1_57' title='bbox 1981 1179 2317 1258; x_wconf 88' lang='lat' dir='ltr'><strong>cujusmodi</strong></span> <span class='ocrx_word' id='word_1_58' title='bbox 2363 1199 2483 1241; x_wconf 85' lang='lat' dir='ltr'><strong>non</strong></span> <span class='ocrx_word' id='word_1_59' title='bbox 2534 1202 2656 1241; x_wconf 90' lang='lat' dir='ltr'><strong>me-</strong></span> 
     </span>
     <span class='ocr_line' id='line_1_9' title="bbox 457 1272 1232 1351; baseline 0.003 -21"><span class='ocrx_word' id='word_1_60' title='bbox 457 1274 601 1331; x_wconf 89' lang='lat' dir='ltr'><strong>mini</strong></span> <span class='ocrx_word' id='word_1_61' title='bbox 626 1292 720 1331; x_wconf 87' lang='lat' dir='ltr'><strong>me</strong></span> <span class='ocrx_word' id='word_1_62' title='bbox 746 1272 968 1331; x_wconf 86' lang='lat' dir='ltr'><strong>multos</strong></span> <span class='ocrx_word' id='word_1_63' title='bbox 996 1272 1232 1351; x_wconf 82' lang='lat' dir='ltr'><strong>legere:</strong></span> 
     </span>
    </p>
   </div>
   <div class='ocr_carea' id='block_1_5' title="bbox 702 1398 2343 1477">
    <p class='ocr_par' dir='ltr' id='par_1_5' title="bbox 702 1398 2343 1477">
     <span class='ocr_line' id='line_1_10' title="bbox 702 1398 2343 1477; baseline 0.005 -22"><span class='ocrx_word' id='word_1_64' title='bbox 702 1398 784 1456; x_wconf 89' lang='lat' dir='ltr'><strong>Ut</strong></span> <span class='ocrx_word' id='word_1_65' title='bbox 810 1399 1009 1459; x_wconf 87' lang='lat' dir='ltr'><strong>ma-lis</strong></span> <span class='ocrx_word' id='word_1_66' title='bbox 1032 1398 1324 1477; x_wconf 79' lang='lat' dir='ltr'><strong>gau-dent</strong></span> <span class='ocrx_word' id='word_1_67' title='bbox 1345 1399 1742 1477; x_wconf 85' lang='lat' dir='ltr'><strong>alien&#39;-at-qu’</strong></span> <span class='ocrx_word' id='word_1_68' title='bbox 1770 1401 2343 1464; x_wconf 82' lang='lat' dir='ltr'><strong>ex-in-commo-dis.</strong></span> 
     </span>
    </p>
   </div>
   <div class='ocr_carea' id='block_1_6' title="bbox 459 1525 2657 1894">
    <p class='ocr_par' dir='ltr' id='par_1_6' title="bbox 459 1525 2657 1799">
     <span class='ocr_line' id='line_1_11' title="bbox 540 1525 2649 1608; baseline 0.004 -23"><span class='ocrx_word' id='word_1_69' title='bbox 540 1527 785 1599; x_wconf 88' lang='lat' dir='ltr'><strong>Tamen,</strong></span> <span class='ocrx_word' id='word_1_70' title='bbox 813 1526 972 1605; x_wconf 90' lang='lat' dir='ltr'><strong>quod</strong></span> <span class='ocrx_word' id='word_1_71' title='bbox 1021 1526 1214 1585; x_wconf 90' lang='lat' dir='ltr'><strong>minus</strong></span> <span class='ocrx_word' id='word_1_72' title='bbox 1244 1525 1524 1586; x_wconf 89' lang='lat' dir='ltr'><strong>credibile</strong></span> <span class='ocrx_word' id='word_1_73' title='bbox 1551 1526 1843 1601; x_wconf 86' lang='lat' dir='ltr'><strong>videatur,</strong></span> <span class='ocrx_word' id='word_1_74' title='bbox 1888 1548 1965 1587; x_wconf 79' lang='lat' dir='ltr'><strong>ex</strong></span> <span class='ocrx_word' id='word_1_75' title='bbox 2012 1529 2221 1608; x_wconf 86' lang='lat' dir='ltr'><strong>regula</strong></span> <span class='ocrx_word' id='word_1_76' title='bbox 2263 1540 2325 1591; x_wconf 91' lang='lat' dir='ltr'><strong>et</strong></span> <span class='ocrx_word' id='word_1_77' title='bbox 2370 1533 2649 1594; x_wconf 84' lang='lat' dir='ltr'><strong>observa·</strong></span> 
     </span>
     <span class='ocr_line' id='line_1_12' title="bbox 462 1620 2657 1703; baseline 0.003 -20"><span class='ocrx_word' id='word_1_78' title='bbox 462 1623 643 1697; x_wconf 85' lang='lat' dir='ltr'><strong>tione,</strong></span> <span class='ocrx_word' id='word_1_79' title='bbox 671 1643 805 1702; x_wconf 80' lang='lat' dir='ltr'><strong>quae</strong></span> <span class='ocrx_word' id='word_1_80' title='bbox 847 1623 1086 1683; x_wconf 87' lang='lat' dir='ltr'><strong>inferius</strong></span> <span class='ocrx_word' id='word_1_81' title='bbox 1133 1633 1383 1703; x_wconf 89' lang='lat' dir='ltr'><strong>ponetur</strong></span> <span class='ocrx_word' id='word_1_82' title='bbox 1433 1620 1508 1682; x_wconf 88' lang='lat' dir='ltr'><strong>de</strong></span> <span class='ocrx_word' id='word_1_83' title='bbox 1553 1620 1831 1683; x_wconf 89' lang='lat' dir='ltr'><strong>elidendo</strong></span> <span class='ocrx_word' id='word_1_84' title='bbox 1875 1624 1939 1698; x_wconf 86' lang='lat' dir='ltr'><strong>S,</strong></span> <span class='ocrx_word' id='word_1_85' title='bbox 1976 1626 2192 1703; x_wconf 89' lang='lat' dir='ltr'><strong>poterit</strong></span> <span class='ocrx_word' id='word_1_86' title='bbox 2234 1646 2365 1685; x_wconf 86' lang='lat' dir='ltr'><strong>esse</strong></span> <span class='ocrx_word' id='word_1_87' title='bbox 2393 1629 2657 1689; x_wconf 88' lang='lat' dir='ltr'><strong>senarius</strong></span> 
     </span>
     <span class='ocr_line' id='line_1_13' title="bbox 459 1738 2329 1799; baseline 0.004 -22"><span class='ocrx_word' id='word_1_88' title='bbox 459 1738 580 1779; x_wconf 78' lang='lat' dir='ltr'><strong>sic:</strong></span> <span class='ocrx_word' id='word_1_89' title='bbox 1379 1793 1384 1799; x_wconf 25' lang='lat'>¹</span> <span class='ocrx_word' id='word_1_90' title='bbox 2324 1788 2329 1795; x_wconf 63' lang='grc'><strong>,</strong></span> 
     </span>
    </p>

    <p class='ocr_par' dir='ltr' id='par_1_7' title="bbox 705 1812 2294 1894">
     <span class='ocr_line' id='line_1_14' title="bbox 705 1812 2294 1894; baseline 0.003 -23"><span class='ocrx_word' id='word_1_91' title='bbox 705 1812 786 1874; x_wconf 88' lang='lat' dir='ltr'><strong>Ut</strong></span> <span class='ocrx_word' id='word_1_92' title='bbox 813 1812 1266 1894; x_wconf 82' lang='lat' dir='ltr'><strong>mali’·gaudeat</strong></span> <span class='ocrx_word' id='word_1_93' title='bbox 1293 1814 1532 1875; x_wconf 87' lang='lat' dir='ltr'><strong>a·lienis</strong></span> <span class='ocrx_word' id='word_1_94' title='bbox 1563 1813 1729 1893; x_wconf 78' lang='lat' dir='ltr'><strong>atqu&#39;</strong></span> <span class='ocrx_word' id='word_1_95' title='bbox 1756 1814 2294 1875; x_wconf 87' lang='lat' dir='ltr'><strong>ex-incom-modis.</strong></span> 
     </span>
    </p>
   </div>
   <div class='ocr_carea' id='block_1_7' title="bbox 544 1942 2659 2308">
    <p class='ocr_par' dir='ltr' id='par_1_8' title="bbox 544 1942 2659 2308">
     <span class='ocr_line' id='line_1_15' title="bbox 544 1942 2592 2025; baseline 0.005 -25"><span class='ocrx_word' id='word_1_96' title='bbox 544 1943 669 2003; x_wconf 90' lang='lat' dir='ltr'><strong>Erit</strong></span> <span class='ocrx_word' id='word_1_97' title='bbox 697 1942 980 2021; x_wconf 83' lang='lat' dir='ltr'><strong>synizesis</strong></span> <span class='ocrx_word' id='word_1_98' title='bbox 1006 1945 1065 2003; x_wconf 89' lang='lat' dir='ltr'><strong>in</strong></span> <span class='ocrx_word' id='word_1_99' title='bbox 1095 1943 1360 2003; x_wconf 87' lang='lat' dir='ltr'><strong>secundo</strong></span> <span class='ocrx_word' id='word_1_100' title='bbox 1388 1943 1562 2023; x_wconf 88' lang='lat' dir='ltr'><strong>pede,</strong></span> <span class='ocrx_word' id='word_1_101' title='bbox 1594 1952 1661 2001; x_wconf 92' lang='lat' dir='ltr'><strong>ut</strong></span> <span class='ocrx_word' id='word_1_102' title='bbox 1687 1952 1749 2003; x_wconf 89' lang='lat' dir='ltr'><strong>et</strong></span> <span class='ocrx_word' id='word_1_103' title='bbox 1776 1942 1835 1999; x_wconf 92' lang='lat' dir='ltr'><strong>in</strong></span> <span class='ocrx_word' id='word_1_104' title='bbox 1866 1944 2059 2017; x_wconf 88' lang='lat' dir='ltr'><strong>tertio,</strong></span> <span class='ocrx_word' id='word_1_105' title='bbox 2088 1943 2172 2003; x_wconf 84' lang='lat' dir='ltr'><strong>nil</strong></span> <span class='ocrx_word' id='word_1_106' title='bbox 2205 1945 2592 2025; x_wconf 82' lang='lat' dir='ltr'><strong>frequentius.</strong></span> 
     </span>
     <span class='ocr_line' id='line_1_16' title="bbox 623 2038 1044 2106; baseline 0.005 -10"><span class='ocrx_word' id='word_1_107' title='bbox 623 2038 888 2106; x_wconf 81' lang='lat' dir='ltr'><strong>Quartus</strong></span> <span class='ocrx_word' id='word_1_108' title='bbox 913 2049 1044 2098; x_wconf 86' lang='lat' dir='ltr'><strong>est:</strong></span> 
     </span>
     <span class='ocr_line' id='line_1_17' title="bbox 706 2132 2039 2211; baseline 0.001 -20"><span class='ocrx_word' id='word_1_109' title='bbox 706 2133 966 2192; x_wconf 84' lang='lat' dir='ltr'><strong>Alterius</strong></span> <span class='ocrx_word' id='word_1_110' title='bbox 998 2152 1108 2192; x_wconf 90' lang='lat' dir='ltr'><strong>sua</strong></span> <span class='ocrx_word' id='word_1_111' title='bbox 1133 2144 1200 2193; x_wconf 91' lang='lat' dir='ltr'><strong>ut</strong></span> <span class='ocrx_word' id='word_1_112' title='bbox 1227 2142 1531 2211; x_wconf 88' lang='lat' dir='ltr'><strong>comparet</strong></span> <span class='ocrx_word' id='word_1_113' title='bbox 1555 2132 1905 2192; x_wconf 74' lang='lat' dir='ltr'><strong>commodat</strong></span> <span class='ocrx_word' id='word_1_114' title='bbox 1944 2132 2039 2192; x_wconf 92' lang='lat' dir='ltr'><strong>ah.</strong></span> 
     </span>
     <span class='ocr_line' id='line_1_18' title="bbox 546 2228 2659 2308; baseline 0.002 -21"><span class='ocrx_word' id='word_1_115' title='bbox 546 2228 704 2289; x_wconf 86' lang='lat' dir='ltr'><strong>Puto</strong></span> <span class='ocrx_word' id='word_1_116' title='bbox 725 2228 1100 2288; x_wconf 89' lang='lat' dir='ltr'><strong>scribendum</strong></span> <span class='ocrx_word' id='word_1_117' title='bbox 1120 2248 1273 2299; x_wconf 84' lang='lat' dir='ltr'><strong>esse,</strong></span> <span class='ocrx_word' id='word_1_118' title='bbox 1296 2228 1570 2287; x_wconf 68' lang='lat' dir='ltr'><strong>Actorius</strong></span> <span class='ocrx_word' id='word_1_119' title='bbox 1587 2236 1658 2287; x_wconf 71' lang='lat' dir='ltr'><strong>ut</strong></span> <span class='ocrx_word' id='word_1_120' title='bbox 1700 2246 1808 2287; x_wconf 74' lang='lat' dir='ltr'><strong>sua</strong></span> <span class='ocrx_word' id='word_1_121' title='bbox 1830 2228 2125 2289; x_wconf 80' lang='lat' dir='ltr'><strong>commoda</strong></span> <span class='ocrx_word' id='word_1_122' title='bbox 2148 2238 2441 2308; x_wconf 78' lang='lat' dir='ltr'><strong>comparet</strong></span> <span class='ocrx_word' id='word_1_123' title='bbox 2456 2230 2659 2291; x_wconf 69' lang='lat' dir='ltr'><strong>l-ah.</strong></span> 
     </span>
    </p>
   </div>
   <div class='ocr_carea' id='block_1_8' title="bbox 464 2357 2662 2725">
    <p class='ocr_par' dir='ltr' id='par_1_9' title="bbox 464 2357 2662 2725">
     <span class='ocr_line' id='line_1_19' title="bbox 547 2357 2661 2440; baseline 0.002 -23"><span class='ocrx_word' id='word_1_124' title='bbox 547 2358 670 2417; x_wconf 82' lang='lat' dir='ltr'><strong>Erit</strong></span> <span class='ocrx_word' id='word_1_125' title='bbox 697 2357 1022 2440; x_wconf 79' lang='lat' dir='ltr'><strong>dactylicus</strong></span> <span class='ocrx_word' id='word_1_126' title='bbox 1050 2360 1480 2440; x_wconf 87' lang='lat' dir='ltr'><strong>quaternarius.</strong></span> <span class='ocrx_word' id='word_1_127' title='bbox 1563 2357 1720 2417; x_wconf 89' lang='lat' dir='ltr'><strong>Illud</strong></span> <span class='ocrx_word' id='word_1_128' title='bbox 1753 2370 1948 2416; x_wconf 85' lang='lat' dir='ltr'><strong>autem</strong></span> <span class='ocrx_word' id='word_1_129' title='bbox 1976 2358 2057 2417; x_wconf 70' lang='lat' dir='ltr'><strong>ah</strong></span> <span class='ocrx_word' id='word_1_130' title='bbox 2084 2366 2251 2416; x_wconf 78' lang='lat' dir='ltr'><strong>extra</strong></span> <span class='ocrx_word' id='word_1_131' title='bbox 2270 2378 2502 2419; x_wconf 81' lang='lat' dir='ltr'><strong>versum</strong></span> <span class='ocrx_word' id='word_1_132' title='bbox 2531 2362 2661 2434; x_wconf 81' lang='lat' dir='ltr'><strong>erit,</strong></span> 
     </span>
     <span class='ocr_line' id='line_1_20' title="bbox 464 2454 2662 2535; baseline 0.003 -26"><span class='ocrx_word' id='word_1_133' title='bbox 464 2461 533 2511; x_wconf 87' lang='lat' dir='ltr'><strong>ut</strong></span> <span class='ocrx_word' id='word_1_134' title='bbox 560 2454 757 2514; x_wconf 82' lang='lat' dir='ltr'><strong>solent</strong></span> <span class='ocrx_word' id='word_1_135' title='bbox 781 2474 914 2515; x_wconf 87' lang='lat' dir='ltr'><strong>esse</strong></span> <span class='ocrx_word' id='word_1_136' title='bbox 943 2457 1425 2528; x_wconf 84' lang='lat' dir='ltr'><strong>exclamationes,</strong></span> <span class='ocrx_word' id='word_1_137' title='bbox 1451 2456 1908 2534; x_wconf 83' lang='lat' dir='ltr'><strong>interjectiones,</strong></span> <span class='ocrx_word' id='word_1_138' title='bbox 1946 2454 2007 2511; x_wconf 91' lang='lat' dir='ltr'><strong>in</strong></span> <span class='ocrx_word' id='word_1_139' title='bbox 2034 2454 2151 2513; x_wconf 87' lang='lat' dir='ltr'><strong>fine</strong></span> <span class='ocrx_word' id='word_1_140' title='bbox 2178 2462 2240 2513; x_wconf 89' lang='lat' dir='ltr'><strong>et</strong></span> <span class='ocrx_word' id='word_1_141' title='bbox 2266 2454 2456 2526; x_wconf 76' lang='lat' dir='ltr'><strong>initio,</strong></span> <span class='ocrx_word' id='word_1_142' title='bbox 2500 2456 2662 2535; x_wconf 84' lang='lat' dir='ltr'><strong>apud</strong></span> 
     </span>
     <span class='ocr_line' id='line_1_21' title="bbox 469 2548 2661 2630; baseline 0.003 -25"><span class='ocrx_word' id='word_1_143' title='bbox 469 2548 846 2626; x_wconf 85' lang='lat' dir='ltr'><strong>Sophoclem,</strong></span> <span class='ocrx_word' id='word_1_144' title='bbox 875 2551 1234 2629; x_wconf 86' lang='lat' dir='ltr'><strong>Euripidem,</strong></span> <span class='ocrx_word' id='word_1_145' title='bbox 1263 2550 1739 2630; x_wconf 81' lang='lat' dir='ltr'><strong>Aristophanem.</strong></span> <span class='ocrx_word' id='word_1_146' title='bbox 1822 2548 1981 2617; x_wconf 84' lang='lat' dir='ltr'><strong>Quin</strong></span> <span class='ocrx_word' id='word_1_147' title='bbox 2012 2558 2075 2608; x_wconf 86' lang='lat' dir='ltr'><strong>et</strong></span> <span class='ocrx_word' id='word_1_148' title='bbox 2118 2548 2277 2629; x_wconf 83' lang='lat' dir='ltr'><strong>apud</strong></span> <span class='ocrx_word' id='word_1_149' title='bbox 2323 2550 2661 2612; x_wconf 84' lang='lat' dir='ltr'><strong>Terentium</strong></span> 
     </span>
     <span class='ocr_line' id='line_1_22' title="bbox 467 2641 1257 2725; baseline 0.008 -26"><span class='ocrx_word' id='word_1_150' title='bbox 467 2641 660 2725; x_wconf 88' lang='lat' dir='ltr'><strong>ipsum</strong></span> <span class='ocrx_word' id='word_1_151' title='bbox 687 2646 957 2725; x_wconf 85' lang='lat' dir='ltr'><strong>exempla</strong></span> <span class='ocrx_word' id='word_1_152' title='bbox 984 2647 1257 2724; x_wconf 86' lang='lat' dir='ltr'><strong>reperies.</strong></span> 
     </span>
    </p>
   </div>
   <div class='ocr_carea' id='block_1_9' title="bbox 1033 2754 2019 2833">
    <p class='ocr_par' dir='ltr' id='par_1_10' title="bbox 1033 2754 2019 2833">
     <span class='ocr_line' id='line_1_23' title="bbox 1033 2754 2019 2833; baseline -0.001 -19"><span class='ocrx_word' id='word_1_153' title='bbox 1033 2754 1128 2815; x_wconf 92' lang='lat' dir='ltr'><strong>De</strong></span> <span class='ocrx_word' id='word_1_154' title='bbox 1161 2754 1420 2826; x_wconf 86' lang='lat' dir='ltr'><strong>Cretico,</strong></span> <span class='ocrx_word' id='word_1_155' title='bbox 1449 2774 1555 2815; x_wconf 89' lang='lat' dir='ltr'><strong>seu</strong></span> <span class='ocrx_word' id='word_1_156' title='bbox 1583 2754 2019 2833; x_wconf 87' lang='lat' dir='ltr'><strong>Amphimacro.</strong></span> 
     </span>
    </p>
   </div>
   <div class='ocr_carea' id='block_1_10' title="bbox 466 2866 2663 3228">
    <p class='ocr_par' dir='ltr' id='par_1_11' title="bbox 466 2866 2663 3228">
     <span class='ocr_line' id='line_1_24' title="bbox 466 2866 2661 2947; baseline -0.001 -18"><span class='ocrx_word' id='word_1_157' title='bbox 466 2866 810 2929; x_wconf 83' lang='lat' dir='ltr'><strong>Joachimus</strong></span> <span class='ocrx_word' id='word_1_158' title='bbox 842 2868 1238 2941; x_wconf 84' lang='lat' dir='ltr'><strong>Camerarius,</strong></span> <span class='ocrx_word' id='word_1_159' title='bbox 1259 2868 1344 2925; x_wconf 87' lang='lat' dir='ltr'><strong>vir</strong></span> <span class='ocrx_word' id='word_1_160' title='bbox 1380 2868 1528 2926; x_wconf 89' lang='lat' dir='ltr'><strong>inter</strong></span> <span class='ocrx_word' id='word_1_161' title='bbox 1556 2866 1887 2925; x_wconf 83' lang='lat' dir='ltr'><strong>Germanos</strong></span> <span class='ocrx_word' id='word_1_162' title='bbox 1916 2866 2206 2944; x_wconf 88' lang='lat' dir='ltr'><strong>superiori</strong></span> <span class='ocrx_word' id='word_1_163' title='bbox 2230 2867 2449 2925; x_wconf 76' lang='lat' dir='ltr'><strong>saeculo</strong></span> <span class='ocrx_word' id='word_1_164' title='bbox 2478 2867 2661 2947; x_wconf 87' lang='lat' dir='ltr'><strong>insig-</strong></span> 
     </span>
     <span class='ocr_line' id='line_1_25' title="bbox 469 2961 2660 3039; baseline 0 -18"><span class='ocrx_word' id='word_1_165' title='bbox 469 2962 585 3034; x_wconf 85' lang='lat' dir='ltr'><strong>nis,</strong></span> <span class='ocrx_word' id='word_1_166' title='bbox 614 2964 1126 3033; x_wconf 85' lang='lat' dir='ltr'><strong>honoratissimus,</strong></span> <span class='ocrx_word' id='word_1_167' title='bbox 1169 2970 1231 3020; x_wconf 88' lang='lat' dir='ltr'><strong>et</strong></span> <span class='ocrx_word' id='word_1_168' title='bbox 1256 2962 1436 3039; x_wconf 90' lang='lat' dir='ltr'><strong>longe</strong></span> <span class='ocrx_word' id='word_1_169' title='bbox 1475 2962 1754 3039; x_wconf 76' lang='lat' dir='ltr'><strong>optimuS,</strong></span> <span class='ocrx_word' id='word_1_170' title='bbox 1781 2970 1972 3039; x_wconf 82' lang='lat' dir='ltr'><strong>putat,</strong></span> <span class='ocrx_word' id='word_1_171' title='bbox 2000 2962 2292 3019; x_wconf 89' lang='lat' dir='ltr'><strong>Creticum</strong></span> <span class='ocrx_word' id='word_1_172' title='bbox 2322 2962 2380 3019; x_wconf 90' lang='lat' dir='ltr'><strong>in</strong></span> <span class='ocrx_word' id='word_1_173' title='bbox 2413 2961 2660 3021; x_wconf 89' lang='lat' dir='ltr'><strong>iambico</strong></span> 
     </span>
     <span class='ocr_line' id='line_1_26' title="bbox 470 3055 2663 3135; baseline -0.001 -18"><span class='ocrx_word' id='word_1_174' title='bbox 470 3066 532 3117; x_wconf 88' lang='lat' dir='ltr'><strong>et</strong></span> <span class='ocrx_word' id='word_1_175' title='bbox 558 3056 857 3117; x_wconf 88' lang='lat' dir='ltr'><strong>trochaico</strong></span> <span class='ocrx_word' id='word_1_176' title='bbox 887 3076 1102 3135; x_wconf 85' lang='lat' dir='ltr'><strong>genere</strong></span> <span class='ocrx_word' id='word_1_177' title='bbox 1129 3056 1324 3115; x_wconf 89' lang='lat' dir='ltr'><strong>locum</strong></span> <span class='ocrx_word' id='word_1_178' title='bbox 1353 3056 1570 3114; x_wconf 90' lang='lat' dir='ltr'><strong>habere</strong></span> <span class='ocrx_word' id='word_1_179' title='bbox 1615 3074 1736 3113; x_wconf 90' lang='lat' dir='ltr'><strong>non</strong></span> <span class='ocrx_word' id='word_1_180' title='bbox 1775 3074 1991 3132; x_wconf 78' lang='lat' dir='ltr'><strong>posse:</strong></span> <span class='ocrx_word' id='word_1_181' title='bbox 2035 3055 2204 3114; x_wconf 83' lang='lat' dir='ltr'><strong>multi</strong></span> <span class='ocrx_word' id='word_1_182' title='bbox 2232 3066 2439 3114; x_wconf 88' lang='lat' dir='ltr'><strong>contra</strong></span> <span class='ocrx_word' id='word_1_183' title='bbox 2467 3056 2663 3116; x_wconf 87' lang='lat' dir='ltr'><strong>nitun-</strong></span> 
     </span>
     <span class='ocr_line' id='line_1_27' title="bbox 469 3149 2320 3228; baseline -0.003 -14"><span class='ocrx_word' id='word_1_184' title='bbox 469 3162 582 3215; x_wconf 85' lang='lat' dir='ltr'><strong>tur.</strong></span> <span class='ocrx_word' id='word_1_185' title='bbox 667 3154 787 3213; x_wconf 90' lang='lat' dir='ltr'><strong>Sed</strong></span> <span class='ocrx_word' id='word_1_186' title='bbox 816 3152 1139 3215; x_wconf 82' lang='lat' dir='ltr'><strong>videamus.</strong></span> <span class='ocrx_word' id='word_1_187' title='bbox 1223 3152 1292 3211; x_wconf 90' lang='lat' dir='ltr'><strong>In</strong></span> <span class='ocrx_word' id='word_1_188' title='bbox 1325 3149 1478 3212; x_wconf 88' lang='lat' dir='ltr'><strong>And.</strong></span> <span class='ocrx_word' id='word_1_189' title='bbox 1511 3162 1629 3212; x_wconf 84' lang='lat' dir='ltr'><strong>act.</strong></span> <span class='ocrx_word' id='word_1_190' title='bbox 1657 3170 1705 3209; x_wconf 91' lang='lat'><strong>1.</strong></span> <span class='ocrx_word' id='word_1_191' title='bbox 1737 3170 1822 3211; x_wconf 88' lang='lat' dir='ltr'><strong>sc.</strong></span> <span class='ocrx_word' id='word_1_192' title='bbox 1854 3152 1907 3210; x_wconf 93' lang='lat'><strong>1.</strong></span> <span class='ocrx_word' id='word_1_193' title='bbox 1937 3150 2038 3209; x_wconf 83' lang='lat'><strong>25.</strong></span> <span class='ocrx_word' id='word_1_194' title='bbox 2067 3150 2320 3228; x_wconf 87' lang='lat' dir='ltr'><strong>legitur:</strong></span> 
     </span>
    </p>
   </div>
   <div class='ocr_carea' id='block_1_11' title="bbox 629 3281 2023 3361">
    <p class='ocr_par' dir='ltr' id='par_1_12' title="bbox 629 3281 2023 3361">
     <span class='ocr_line' id='line_1_28' title="bbox 629 3281 2023 3361; baseline -0.004 -17"><span class='ocrx_word' id='word_1_195' title='bbox 629 3285 890 3345; x_wconf 85' lang='lat' dir='ltr'><strong>Liberius</strong></span> <span class='ocrx_word' id='word_1_196' title='bbox 918 3282 1155 3344; x_wconf 82' lang='lat' dir='ltr'><strong>vivendi</strong></span> <span class='ocrx_word' id='word_1_197' title='bbox 1179 3281 1291 3342; x_wconf 84' lang='lat' dir='ltr'><strong>fuit</strong></span> <span class='ocrx_word' id='word_1_198' title='bbox 1318 3290 1618 3361; x_wconf 83' lang='lat' dir='ltr'><strong>potestas:</strong></span> <span class='ocrx_word' id='word_1_199' title='bbox 1662 3299 1799 3339; x_wconf 88' lang='lat' dir='ltr'><strong>nam</strong></span> <span class='ocrx_word' id='word_1_200' title='bbox 1828 3288 2023 3341; x_wconf 83' lang='lat' dir='ltr'><strong>antea.</strong></span> 
     </span>
    </p>
   </div>
   <div class='ocr_carea' id='block_1_12' title="bbox 473 3396 2669 4345">
    <p class='ocr_par' dir='ltr' id='par_1_13' title="bbox 473 3396 2669 4345">
     <span class='ocr_line' id='line_1_29' title="bbox 554 3396 2662 3485; baseline -0.003 -13"><span class='ocrx_word' id='word_1_201' title='bbox 554 3412 750 3472; x_wconf 91' lang='lat' dir='ltr'><strong>Debet</strong></span> <span class='ocrx_word' id='word_1_202' title='bbox 779 3420 975 3472; x_wconf 89' lang='lat' dir='ltr'><strong>autem</strong></span> <span class='ocrx_word' id='word_1_203' title='bbox 1003 3428 1136 3470; x_wconf 89' lang='lat' dir='ltr'><strong>esse</strong></span> <span class='ocrx_word' id='word_1_204' title='bbox 1163 3426 1368 3469; x_wconf 81' lang='lat' dir='ltr'><strong>versus</strong></span> <span class='ocrx_word' id='word_1_205' title='bbox 1399 3408 1663 3468; x_wconf 89' lang='lat' dir='ltr'><strong>senarius</strong></span> <span class='ocrx_word' id='word_1_206' title='bbox 1682 3396 1985 3468; x_wconf 81' lang='lat' dir='ltr'><strong>iambicus.</strong></span> <span class='ocrx_word' id='word_1_207' title='bbox 2069 3406 2280 3485; x_wconf 86' lang='lat' dir='ltr'><strong>ltaque</strong></span> <span class='ocrx_word' id='word_1_208' title='bbox 2321 3410 2339 3439; x_wconf 82' lang='lat'>‘</span> <span class='ocrx_word' id='word_1_209' title='bbox 2364 3402 2623 3466; x_wconf 77' lang='lat' dir='ltr'><strong>Liberius</strong></span> <span class='ocrx_word' id='word_1_210' title='bbox 2647 3408 2662 3431; x_wconf 89' lang='lat'><strong><em>’</em></strong></span> 
     </span>
     <span class='ocr_line' id='line_1_30' title="bbox 475 3502 2667 3585; baseline -0.004 -16"><span class='ocrx_word' id='word_1_211' title='bbox 475 3508 585 3569; x_wconf 89' lang='lat' dir='ltr'><strong>erit</strong></span> <span class='ocrx_word' id='word_1_212' title='bbox 611 3510 880 3569; x_wconf 89' lang='lat' dir='ltr'><strong>Creticus</strong></span> <span class='ocrx_word' id='word_1_213' title='bbox 929 3508 1141 3569; x_wconf 86' lang='lat' dir='ltr'><strong>extrito</strong></span> <span class='ocrx_word' id='word_1_214' title='bbox 1187 3508 1259 3580; x_wconf 89' lang='lat' dir='ltr'><strong>E,</strong></span> <span class='ocrx_word' id='word_1_215' title='bbox 1303 3505 1466 3585; x_wconf 87' lang='lat' dir='ltr'><strong>quod</strong></span> <span class='ocrx_word' id='word_1_216' title='bbox 1493 3506 1672 3565; x_wconf 84' lang='lat' dir='ltr'><strong>breve</strong></span> <span class='ocrx_word' id='word_1_217' title='bbox 1719 3514 1835 3577; x_wconf 72' lang='lat' dir='ltr'><strong>est,</strong></span> <span class='ocrx_word' id='word_1_218' title='bbox 1880 3502 2051 3583; x_wconf 86' lang='lat' dir='ltr'><strong>quasi</strong></span> <span class='ocrx_word' id='word_1_219' title='bbox 2088 3502 2521 3581; x_wconf 85' lang='lat' dir='ltr'><strong>pronuntiares,</strong></span> <span class='ocrx_word' id='word_1_220' title='bbox 2569 3502 2667 3561; x_wconf 84' lang='lat' dir='ltr'><strong>Li-</strong></span> 
     </span>
     <span class='ocr_line' id='line_1_31' title="bbox 473 3598 2665 3683; baseline -0.002 -20"><span class='ocrx_word' id='word_1_221' title='bbox 473 3604 658 3663; x_wconf 89' lang='lat' dir='ltr'><strong>brius.</strong></span> <span class='ocrx_word' id='word_1_222' title='bbox 743 3604 1026 3683; x_wconf 83' lang='lat' dir='ltr'><strong>Exempla</strong></span> <span class='ocrx_word' id='word_1_223' title='bbox 1069 3604 1196 3682; x_wconf 88' lang='lat' dir='ltr'><strong>ejus</strong></span> <span class='ocrx_word' id='word_1_224' title='bbox 1223 3603 1308 3663; x_wconf 87' lang='lat' dir='ltr'><strong>rei</strong></span> <span class='ocrx_word' id='word_1_225' title='bbox 1336 3613 1477 3662; x_wconf 86' lang='lat' dir='ltr'><strong>sunt</strong></span> <span class='ocrx_word' id='word_1_226' title='bbox 1502 3600 1953 3662; x_wconf 85' lang='lat' dir='ltr'><strong>innumerabilia</strong></span> <span class='ocrx_word' id='word_1_227' title='bbox 1976 3600 2039 3659; x_wconf 86' lang='lat' dir='ltr'><strong>in</strong></span> <span class='ocrx_word' id='word_1_228' title='bbox 2068 3598 2309 3659; x_wconf 85' lang='lat' dir='ltr'><strong>comicis</strong></span> <span class='ocrx_word' id='word_1_229' title='bbox 2336 3609 2397 3658; x_wconf 90' lang='lat' dir='ltr'><strong>et</strong></span> <span class='ocrx_word' id='word_1_230' title='bbox 2422 3599 2665 3678; x_wconf 78' lang='lat' dir='ltr'><strong>tragicis</strong></span> 
     </span>
     <span class='ocr_line' id='line_1_32' title="bbox 475 3695 2664 3779; baseline -0.003 -20"><span class='ocrx_word' id='word_1_231' title='bbox 475 3698 754 3778; x_wconf 89' lang='lat' dir='ltr'><strong>antiquis.</strong></span> <span class='ocrx_word' id='word_1_232' title='bbox 855 3696 1013 3765; x_wconf 87' lang='lat' dir='ltr'><strong>Quin</strong></span> <span class='ocrx_word' id='word_1_233' title='bbox 1057 3708 1120 3759; x_wconf 88' lang='lat' dir='ltr'><strong>et</strong></span> <span class='ocrx_word' id='word_1_234' title='bbox 1171 3700 1330 3778; x_wconf 90' lang='lat' dir='ltr'><strong>apud</strong></span> <span class='ocrx_word' id='word_1_235' title='bbox 1377 3700 1687 3779; x_wconf 82' lang='lat' dir='ltr'><strong>Virgilium</strong></span> <span class='ocrx_word' id='word_1_236' title='bbox 1736 3696 2250 3777; x_wconf 84' lang='lat' dir='ltr'><strong>diligentissimum</strong></span> <span class='ocrx_word' id='word_1_237' title='bbox 2300 3695 2664 3774; x_wconf 84' lang='lat' dir='ltr'><strong>scriptorem,</strong></span> 
     </span>
     <span class='ocr_line' id='line_1_33' title="bbox 476 3787 2665 3874; baseline -0.003 -19"><span class='ocrx_word' id='word_1_238' title='bbox 476 3797 670 3874; x_wconf 86' lang='lat' dir='ltr'><strong>legas,</strong></span> <span class='ocrx_word' id='word_1_239' title='bbox 709 3794 919 3874; x_wconf 88' lang='lat' dir='ltr'><strong>aspris,</strong></span> <span class='ocrx_word' id='word_1_240' title='bbox 970 3812 1098 3871; x_wconf 88' lang='lat' dir='ltr'><strong>pro,</strong></span> <span class='ocrx_word' id='word_1_241' title='bbox 1127 3796 1384 3873; x_wconf 83' lang='lat' dir='ltr'><strong>asperis;</strong></span> <span class='ocrx_word' id='word_1_242' title='bbox 1444 3803 1788 3866; x_wconf 89' lang='lat' dir='ltr'><strong>semustum,</strong></span> <span class='ocrx_word' id='word_1_243' title='bbox 1834 3810 1961 3872; x_wconf 89' lang='lat' dir='ltr'><strong>pr0,</strong></span> <span class='ocrx_word' id='word_1_244' title='bbox 2012 3792 2389 3857; x_wconf 68' lang='lat' dir='ltr'><strong>semiustum</strong></span> <span class='ocrx_word' id='word_1_245' title='bbox 2432 3787 2665 3859; x_wconf 84' lang='lat' dir='ltr'><strong>vinclis,</strong></span> 
     </span>
     <span class='ocr_line' id='line_1_34' title="bbox 473 3880 2666 3972; baseline -0.004 -21"><span class='ocrx_word' id='word_1_246' title='bbox 473 3910 603 3972; x_wconf 89' lang='lat' dir='ltr'><strong>pro,</strong></span> <span class='ocrx_word' id='word_1_247' title='bbox 633 3888 916 3957; x_wconf 80' lang='lat' dir='ltr'><strong>vinculis;</strong></span> <span class='ocrx_word' id='word_1_248' title='bbox 961 3887 1244 3960; x_wconf 88' lang='lat' dir='ltr'><strong>oraclum,</strong></span> <span class='ocrx_word' id='word_1_249' title='bbox 1289 3906 1420 3968; x_wconf 85' lang='lat' dir='ltr'><strong>pro,</strong></span> <span class='ocrx_word' id='word_1_250' title='bbox 1461 3889 1799 3956; x_wconf 82' lang='lat' dir='ltr'><strong>oraculum3</strong></span> <span class='ocrx_word' id='word_1_251' title='bbox 1845 3886 2225 3965; x_wconf 86' lang='lat' dir='ltr'><strong>gubernaclo,</strong></span> <span class='ocrx_word' id='word_1_252' title='bbox 2274 3902 2402 3964; x_wconf 88' lang='lat' dir='ltr'><strong>pro,</strong></span> <span class='ocrx_word' id='word_1_253' title='bbox 2454 3880 2666 3962; x_wconf 87' lang='lat' dir='ltr'><strong>guber-</strong></span> 
     </span>
     <span class='ocr_line' id='line_1_35' title="bbox 475 3978 2665 4062; baseline -0.003 -16"><span class='ocrx_word' id='word_1_254' title='bbox 475 3984 730 4053; x_wconf 88' lang='lat' dir='ltr'><strong>naculo;</strong></span> <span class='ocrx_word' id='word_1_255' title='bbox 775 3980 1008 4056; x_wconf 89' lang='lat' dir='ltr'><strong>circlos,</strong></span> <span class='ocrx_word' id='word_1_256' title='bbox 1038 4000 1165 4062; x_wconf 91' lang='lat' dir='ltr'><strong>pro,</strong></span> <span class='ocrx_word' id='word_1_257' title='bbox 1215 3982 1500 4050; x_wconf 72' lang='lat' dir='ltr'><strong>circulosz</strong></span> <span class='ocrx_word' id='word_1_258' title='bbox 1541 3991 1603 4041; x_wconf 92' lang='lat' dir='ltr'><strong>et</strong></span> <span class='ocrx_word' id='word_1_259' title='bbox 1644 3981 1941 4061; x_wconf 83' lang='lat' dir='ltr'><strong>maniplis,</strong></span> <span class='ocrx_word' id='word_1_260' title='bbox 1984 4000 2112 4059; x_wconf 89' lang='lat' dir='ltr'><strong>pro,</strong></span> <span class='ocrx_word' id='word_1_261' title='bbox 2156 3978 2494 4058; x_wconf 86' lang='lat' dir='ltr'><strong>manipulis.</strong></span> <span class='ocrx_word' id='word_1_262' title='bbox 2574 3979 2665 4039; x_wconf 86' lang='lat' dir='ltr'><strong>Ac</strong></span> 
     </span>
     <span class='ocr_line' id='line_1_36' title="bbox 477 4073 2666 4158; baseline -0.004 -15"><span class='ocrx_word' id='word_1_263' title='bbox 477 4084 528 4144; x_wconf 84' lang='lat' dir='ltr'><strong>si</strong></span> <span class='ocrx_word' id='word_1_264' title='bbox 555 4081 805 4142; x_wconf 88' lang='lat' dir='ltr'><strong>elidatur</strong></span> <span class='ocrx_word' id='word_1_265' title='bbox 833 4080 874 4139; x_wconf 89' lang='lat' dir='ltr'>S</span> <span class='ocrx_word' id='word_1_266' title='bbox 911 4081 996 4151; x_wconf 89' lang='lat' dir='ltr'><strong>in,</strong></span> <span class='ocrx_word' id='word_1_267' title='bbox 1037 4075 1296 4151; x_wconf 87' lang='lat' dir='ltr'><strong>liberius,</strong></span> <span class='ocrx_word' id='word_1_268' title='bbox 1347 4078 1510 4158; x_wconf 88' lang='lat' dir='ltr'><strong>quod</strong></span> <span class='ocrx_word' id='word_1_269' title='bbox 1546 4080 1683 4139; x_wconf 87' lang='lat' dir='ltr'><strong>olim</strong></span> <span class='ocrx_word' id='word_1_270' title='bbox 1712 4080 1909 4152; x_wconf 83' lang='lat' dir='ltr'><strong>fiebat,</strong></span> <span class='ocrx_word' id='word_1_271' title='bbox 1958 4077 2071 4137; x_wconf 88' lang='lat' dir='ltr'><strong>erit</strong></span> <span class='ocrx_word' id='word_1_272' title='bbox 2113 4085 2343 4135; x_wconf 86' lang='lat' dir='ltr'><strong>tantum</strong></span> <span class='ocrx_word' id='word_1_273' title='bbox 2370 4073 2666 4155; x_wconf 81' lang='lat' dir='ltr'><strong>dactylus,</strong></span> 
     </span>
     <span class='ocr_line' id='line_1_37' title="bbox 476 4170 2665 4253; baseline -0.003 -18"><span class='ocrx_word' id='word_1_274' title='bbox 476 4176 685 4237; x_wconf 86' lang='lat' dir='ltr'><strong>libriu’.</strong></span> <span class='ocrx_word' id='word_1_275' title='bbox 771 4178 849 4235; x_wconf 88' lang='lat' dir='ltr'><strong>At</strong></span> <span class='ocrx_word' id='word_1_276' title='bbox 885 4174 1053 4247; x_wconf 89' lang='lat' dir='ltr'><strong>illud,</strong></span> <span class='ocrx_word' id='word_1_277' title='bbox 1101 4172 1233 4246; x_wconf 78' lang='lat' dir='ltr'><strong>fuit,</strong></span> <span class='ocrx_word' id='word_1_278' title='bbox 1277 4172 1386 4234; x_wconf 88' lang='lat' dir='ltr'><strong>erit</strong></span> <span class='ocrx_word' id='word_1_279' title='bbox 1413 4173 1920 4253; x_wconf 81' lang='lat' dir='ltr'><strong>monosyllabum;</strong></span> <span class='ocrx_word' id='word_1_280' title='bbox 1981 4170 2143 4251; x_wconf 86' lang='lat' dir='ltr'><strong>quod</strong></span> <span class='ocrx_word' id='word_1_281' title='bbox 2186 4178 2247 4230; x_wconf 93' lang='lat' dir='ltr'><strong>et</strong></span> <span class='ocrx_word' id='word_1_282' title='bbox 2284 4186 2483 4229; x_wconf 87' lang='lat' dir='ltr'><strong>verum</strong></span> <span class='ocrx_word' id='word_1_283' title='bbox 2532 4188 2665 4229; x_wconf 84' lang='lat' dir='ltr'><strong>esse</strong></span> 
     </span>
     <span class='ocr_line' id='line_1_38' title="bbox 479 4265 2669 4345; baseline -0.003 -16"><span class='ocrx_word' id='word_1_284' title='bbox 479 4270 772 4333; x_wconf 87' lang='lat' dir='ltr'><strong>interdum</strong></span> <span class='ocrx_word' id='word_1_285' title='bbox 817 4271 961 4332; x_wconf 87' lang='lat' dir='ltr'><strong>scio.</strong></span> <span class='ocrx_word' id='word_1_286' title='bbox 1053 4269 1223 4330; x_wconf 90' lang='lat' dir='ltr'><strong>Tunc</strong></span> <span class='ocrx_word' id='word_1_287' title='bbox 1269 4268 1541 4329; x_wconf 86' lang='lat' dir='ltr'><strong>Creticus</strong></span> <span class='ocrx_word' id='word_1_288' title='bbox 1589 4268 1867 4329; x_wconf 75' lang='lat' dir='ltr'><strong>exclusus</strong></span> <span class='ocrx_word' id='word_1_289' title='bbox 1908 4265 2100 4325; x_wconf 85' lang='lat' dir='ltr'><strong>fuerit.</strong></span> <span class='ocrx_word' id='word_1_290' title='bbox 2184 4265 2343 4345; x_wconf 86' lang='lat' dir='ltr'><strong>Ergo</strong></span> <span class='ocrx_word' id='word_1_291' title='bbox 2368 4274 2669 4343; x_wconf 73' lang='lat' dir='ltr'><strong>quaeratur</strong></span> 
     </span>
    </p>
   </div>
  </div>
 </body>
</html>
