3234 4934
560 348 689 415 122
1483 358 1581 409 nu
1595 359 1820 408 mnus

719 505 846 567 Nec
876 504 934 563 in
964 502 1184 582 bicipiti
1212 502 1539 563 somniasse
1566 503 1885 563 Parnasso.

559 601 653 660 De
681 600 879 659 metris
908 599 1185 659 comicis:

712 696 1107 757 Tetsametros
1135 695 1544 775 trimetrosque
1571 696 1732 773 capit
1760 693 2068 755 Comoedia
2091 715 2320 756 versus.

714 792 1137 852 Tetrametrum
1165 794 1385 870 primus
1415 794 1595 853 fertur
1619 792 1892 871 posuisse
1923 792 2192 862 Boiscus,

718 888 991 947 Creticon
1020 887 1406 947 Archilochus
1437 888 1698 948 trimetro
1725 886 2134 967 superaddidit
2159 888 2395 967 ingens,

714 980 1213 1061 Amphibrachum
1244 984 1504 1045 trimetro
1534 984 1854 1062 Hipponax
1882 983 2162 1063 supponit
2187 983 2407 1043 iambo.

717 1078 990 1139 Fulserat
1015 1078 1130 1139 hac
1158 1078 1425 1151 Plautus,
1452 1078 1814 1160 pulcherque
1845 1078 2150 1139 Terentius
2177 1090 2324 1139 arte.
2431 1126 2436 1131 .

556 1173 938 1233 Terentianus
967 1172 1041 1233 de
1068 1174 1277 1235 iambis
1308 1175 1355 1233 F
1358 1174 1658 1234 abulat-um
1688 1175 1774 1233 sic
1801 1173 1962 1234 dicit.

715 1270 1005 1349 Culpatur
1033 1281 1227 1329 autem
1254 1288 1459 1329 versus
1482 1272 1540 1328 in
1568 1269 1919 1348 Tragoediis,

718 1364 793 1424 Et
822 1384 984 1424 rarus
1014 1354 1291 1425 intrat'ex
1318 1364 1527 1424 iambis
1556 1364 1850 1436 omnibus,

716 1460 798 1519 Ut
824 1460 923 1519 ille
949 1470 1155 1520 contra
1180 1459 1280 1539 qui
1306 1457 1567 1518 secundo
1595 1467 1659 1531 et
1684 1458 1902 1518 talibus

714 1553 1075 1635 Spondseon,
1105 1568 1209 1616 aut
1233 1574 1407 1635 quem
1434 1574 1764 1634 comparem
1794 1554 2112 1633 receperit:

714 1650 835 1710 Sed
861 1650 965 1730 qui
991 1650 1293 1729 pedestres
1322 1649 1553 1710 fabulas
1583 1668 1760 1710 socco
1788 1660 2082 1728 premunt,

718 1744 801 1803 Ut
824 1764 959 1831 quae
988 1745 1308 1824 loquuntur
1337 1755 1531 1805 sumta
1558 1744 1636 1805 de
1663 1746 1783 1805 vita
1812 1757 2006 1826 putes,

713 1838 941 1900 Vitiant
962 1841 1217 1901 iambum
1250 1842 1531 1901 tractibus
1560 1840 1920 1920 spondaicis,

716 1934 795 1995 Et
819 1938 877 1996 in
907 1937 1191 2011 secunde,
1217 1948 1279 1999 et
1304 1938 1363 1997 in
1391 1938 1601 1999 ceteris
1631 1958 1802 2017 aeque
1830 1938 2000 1999 locis.

718 2031 1042 2112 Fidemque
1070 2034 1222 2095 fictis
1250 2034 1391 2095 dum
1420 2047 1736 2115 procurant
1760 2035 1997 2105 fabulis,

716 2128 784 2186 In
814 2140 999 2189 metra
1024 2142 1277 2209 peccant
1303 2142 1447 2204 arte,
1476 2150 1595 2190 non
1626 2131 1880 2200 inscitia,

714 2222 807 2281 Ne
836 2224 955 2283 sint
982 2243 1199 2285 sonora
1230 2227 1411 2284 verba
1434 2225 1906 2294 consuetudinis,

716 2314 1087 2395 Paulumque
1115 2338 1315 2378 rursus
1348 2337 1385 2377 a
1411 2317 1622 2378 solutis
1649 2317 1942 2377 differant.

717 2409 899 2489 Mage
926 2414 1041 2471 ista
1068 2415 1289 2473 nostri:
1334 2434 1469 2473 nam
1492 2415 1613 2473 fere
1639 2414 1866 2474 Graecis
1890 2425 2068 2473 tenax

718 2506 873 2564 Cura
904 2518 998 2566 est
1023 2508 1221 2579 iambi,
1246 2509 1341 2572 vel
1376 2510 1624 2569 novellis
1652 2509 1912 2581 comicis,
1950 2552 1956 2559 -

717 2594 831 2660 Vel
857 2602 956 2679 qui
987 2601 1046 2660 in
1075 2614 1309 2663 vetusta
1334 2607 1662 2684 praecluent
1689 2605 2016 2664 comoedia.

717 2695 1131 2775 Aristophanis
1160 2699 1369 2777 ingens
1398 2701 1611 2759 emicat
1640 2698 1898 2771 solertia,

718 2790 835 2858 Qui
864 2812 1024 2870 saepe
1051 2794 1251 2851 metris
1282 2793 1738 2854 multiformibus
1765 2798 1957 2854 novus

717 2887 1111 2948 Archilochon
1140 2888 1263 2949 arte
1292 2901 1387 2950 est
1412 2893 1726 2951 aemulatus
1755 2892 2005 2951 musica.

641 3030 893 3091 Sisenna
918 3033 977 3091 in
1008 3033 1445 3096 Commentario
1472 3034 1704 3109 Poenuli
1735 3036 2028 3097 Plautinae
2059 3032 2299 3092 Fabulae
2331 3032 2450 3089 sic:
2497 3028 2740 3089 Haloni-

560 3146 659 3183 uni
688 3126 853 3184 Poeni
884 3127 1088 3186 dicunt
1115 3129 1328 3201 Deum,
1370 3143 1429 3189 et
1469 3130 1856 3209 producenda
1895 3129 2124 3211 syllaba
2153 3126 2320 3185 metri
2349 3126 2537 3203 gratia
2561 3124 2744 3201 exigit

556 3222 806 3279 iambus.

642 3316 899 3373 Scaurus
926 3315 984 3372 in
1028 3318 1445 3377 commentario
1481 3318 1678 3379 Plauti
1717 3320 1775 3379 in
1825 3316 2124 3378 Pseudulo
2154 3314 2333 3375 dicit:
2379 3311 2562 3371 Malai
2591 3312 2735 3373 διαί-

557 3434 709 3489 ρεσις
736 3410 900 3468 metri
927 3428 1126 3468 causa.
1190 3412 1446 3472 Scaurus
1476 3413 1534 3471 in
1564 3413 1772 3473 eadem
1803 3411 2030 3474 Fabula
2051 3411 2176 3470 sic:
2219 3410 2396 3470 Nunc
2423 3408 2580 3479 iam;
2616 3411 2739 3489 jam

562 3505 757 3565 divisit
786 3505 843 3561 in
872 3504 1023 3563 duas
1050 3504 1308 3584 syllabas
1336 3508 1501 3567 metri
1529 3528 1730 3568 causa.

622 3600 875 3659 Sisenna
900 3600 959 3656 in
981 3600 1257 3659 Rudente
1285 3602 1368 3662 sic
1393 3621 1408 3661 z
1454 3604 1589 3662 Fuit
1607 3615 1847 3664 extenta
1873 3602 2060 3681 prima
2088 3599 2320 3680 syllaba
2334 3600 2498 3662 metri
2521 3620 2738 3661 causa:

562 3708 621 3758 et
646 3708 853 3775 postea
891 3696 975 3754 sic
1001 3715 1016 3753 ε
1080 3696 1381 3759 Habiliore
1431 3712 1617 3760 metro
1665 3720 1811 3759 usus
1862 3711 1974 3770 est,
2019 3710 2086 3757 ut
2133 3698 2284 3758 solet
2331 3696 2390 3755 in
2435 3697 2738 3757 mulierum

564 3793 847 3853 oratione.
928 3789 1150 3851 Postea
1178 3794 1259 3853 sic
1285 3814 1300 3854 τ
1345 3796 1654 3856 Latronem
1679 3795 1950 3877 producit
1981 3794 2146 3853 metri
2172 3812 2372 3854 causa.

644 3886 807 3945 Idem
864 3887 1118 3948 Sisenna
1170 3888 1229 3947 in
1280 3891 1705 3972 Amphytrione
1763 3893 1880 3951 sic:
1951 3890 2064 3949 His
2119 3902 2374 3967 quatuor
2429 3886 2736 3963 generibus

556 3982 827 4061 quintum
850 3982 1098 4056 aceedit,
1126 3982 1201 4043 de
1228 4004 1442 4063 genere
1473 4007 1742 4047 versuum
1763 3988 1861 4067 qui
1891 4006 2006 4045 non
2038 3993 2177 4045 sunt
2197 3980 2553 4042 uniusmodi.

644 4078 809 4136 Idem
835 4078 1089 4140 Sisenna
1118 4080 1177 4139 in
1204 4080 1469 4160 Captivis
1497 4083 1617 4145 sic:
1663 4082 1780 4144 Hic
1808 4092 2014 4142 ornatu
2037 4083 2077 4140 S
2107 4080 2333 4139 literam
2360 4076 2529 4135 metri
2557 4095 2739 4135 causa

558 4172 771 4232 amisit.
2285 4178 2294 4185 '
