3234 4934
583 361 728 430 234
918 378 1386 429 rnauoiseus
1431 377 1644 427 naun
1690 377 1791 427 ns
1838 376 2117 429 narnis
2162 377 2483 429 oomms.

637 611 822 676 Tibiis
849 522 1142 674 Sat-ranis.
1382 612 1562 677 Tibiis
1589 520 1853 694 p5aribus.
2020 648 2041 675 t
2167 612 2350 675 Tibiis
2376 518 2719 692 iiiparibus.

680 756 801 819 Sed
841 756 1116 838 quaedam
1159 776 1232 817 ex
1270 755 1364 816 his
1391 775 1513 817 non
1542 754 1689 816 satis
1718 754 1949 815 sincera
1977 771 2109 815 esse
2136 753 2326 836 liquet
2352 771 2488 815 cum
2515 772 2590 815 ex
2616 754 2782 815 codi-

597 871 736 915 cum
759 852 1065 926 varietate,
1090 862 1217 911 turn
1245 870 1321 911 ex
1349 851 1610 925 Donato,
1631 850 1805 931 juxta
1830 868 2029 930 quem,

769 978 1050 1041 Secunda
1076 987 1214 1039 aeta
1237 988 1334 1039 est
1769 976 2001 1046 Quarta
2435 974 2617 1036 Sexta

657 1074 816 1137 tibiis
841 1074 1052 1135 dextra
1075 1082 1136 1133 et
1163 1072 1420 1133 sinistra.
1679 1070 1839 1133 tibiis
1868 1069 2111 1133 dextris.
2288 1067 2446 1130 tibiis
2474 1069 2765 1130 Sarranis.

681 1201 766 1262 Ut
789 1201 919 1261 hoee
946 1210 1141 1260 autem
1167 1198 1588 1278 intelligamus,
1616 1195 2049 1259 observandum
2088 1206 2183 1256 est
2207 1196 2489 1256 Veterum
2516 1195 2789 1257 tibicines

598 1300 749 1359 duas
779 1296 950 1358 simul
977 1297 1152 1357 tibias
1179 1296 1384 1356 inflare
1409 1295 1618 1356 solitos
1644 1313 1800 1370 esse,
1830 1314 1987 1375 quoe,
2016 1293 2065 1353 si
2092 1291 2303 1353 dextra
2342 1310 2521 1351 manu
2550 1291 2793 1353 dextra·

597 1414 714 1475 que
755 1393 880 1454 ‘oris
922 1401 1088 1472 parte
1133 1400 1494 1463 tenerentur,
1540 1390 1766 1451 dextras
1814 1389 1992 1450 dicta
2042 1399 2218 1450 suntt
2260 1406 2398 1467 quae
2440 1406 2579 1449 vero
2634 1389 2795 1449 lssva
2826 1410 2851 1421 ,

595 1506 778 1549 manu
801 1488 1073 1566 loevaque
1099 1486 1218 1547 oris
1261 1495 1448 1565 parte,
1477 1485 1771 1547 sinistrae:
1811 1484 1974 1544 hunc
2000 1483 2163 1562 apud
2189 1482 2323 1545 illos
2350 1502 2571 1543 morem
2598 1482 2787 1545 fuisse

599 1583 847 1662 antiqua
901 1600 1194 1643 marmora
1246 1590 1308 1640 et
1350 1580 1572 1640 nummi
1628 1568 1858 1660 magno
1896 1590 2143 1640 numero
2192 1576 2537 1641 ostendunt.
2622 1578 2792 1639 Duas

596 1697 740 1739 vero
767 1678 1028 1750 dextras,
1047 1696 1165 1735 non
1192 1694 1365 1756 pares
1393 1673 1653 1747 dextras,
1682 1686 1744 1735 et
1768 1672 2017 1754 proinde
2044 1674 2197 1734 duas
2226 1674 2521 1745 sinistras,
2548 1684 2705 1734 recte
2734 1684 2796 1734 et

597 1773 834 1853 proprie
861 1772 977 1832 dici
1002 1780 1168 1850 patet
1209 1780 1272 1831 et
1301 1788 1376 1830 ex
1417 1768 1513 1828 his
1553 1770 1765 1842 titulis,
1804 1778 1869 1829 et
1908 1789 1983 1830 ex
2026 1769 2337 1830 notissimo
2370 1768 2610 1831 Phaedri
2656 1769 2792 1830 loco

597 1866 646 1929 l.
679 1887 742 1929 v.
773 1868 919 1929 Fab.
950 1870 1010 1927 6.
1042 1866 1118 1925 de
1141 1866 1398 1939 tibicine,
1426 1866 1529 1945 qui
1559 1865 1855 1926 sinistram
1880 1866 2137 1945 fregerat
2160 1866 2359 1925 tibiam
2386 1884 2403 1927 ε

1003 2008 1191 2069 Duas
1219 2027 1353 2069 eum
1384 1998 1696 2069 nnxrnns
1723 2006 2032 2069 maluisset
2056 2007 2323 2089 perdere.

683 2121 777 2201 E'?
817 2120 990 2182 tertio
1033 2120 1210 2181 titulo
1251 2119 1440 2201 liquet
1491 2120 1665 2181 tibias
1720 2119 1959 2183 dextras
2012 2122 2088 2181 ab
2134 2119 2451 2199 imparibus
2494 2117 2797 2199 distingui,

601 2214 854 2295 ideoque
883 2234 1056 2297 pares
1082 2215 1288 2290 fuisse,
1313 2216 1378 2276 id
1405 2228 1520 2291 est,
1561 2216 1801 2297 paribus
1848 2217 2255 2289 foraminibus,
2294 2234 2585 2294 paresque
2614 2232 2797 2275 sonos

601 2309 887 2385 edidisse,
913 2310 1077 2391 quod
1101 2310 1258 2371 idem
1281 2312 1410 2390 pari
1425 2310 1560 2389 jure
1589 2310 1667 2369 de
1693 2312 1927 2373 duabus
1955 2310 2209 2373 sinistris
2248 2310 2426 2370 etiam
2453 2309 2795 2371 dicendum.

603 2404 864 2486 Impares
891 2407 1070 2485 igitur
1097 2407 1261 2467 suere
1310 2406 1446 2468 duae
1493 2407 1675 2480 tibise,
1720 2426 1969 2486 quarum
2008 2407 2221 2469 dextra
2265 2406 2469 2477 altera,
2499 2405 2684 2467 altera
2712 2408 2797 2467 si-

601 2502 827 2562 nistra:
869 2500 932 2563 in
957 2502 1145 2582 primo
1171 2502 1347 2583 igitur
1373 2502 1567 2577 titulo,
1593 2523 1731 2564 cum
1757 2503 1913 2565 tibiis
1940 2505 2181 2584 paribus
2208 2500 2461 2561 addatur
2489 2500 2707 2563 dextris
2736 2516 2799 2565 et

603 2594 880 2671 sinistris,
906 2598 967 2656 in
997 2598 1209 2677 quinto
1235 2618 1375 2660 vero
1402 2599 1558 2659 tibiis
1586 2600 1829 2683 paribus
1876 2599 2023 2661 nihil
2065 2600 2187 2661 tale
2229 2596 2506 2669 addatur,
2547 2617 2797 2659 censen·-

602 2690 748 2752 dum
775 2704 870 2753 est
895 2693 990 2753 vel
1015 2692 1076 2755 in
1104 2694 1293 2774 primo
1319 2694 1540 2757 dextris
1567 2707 1631 2757 et
1654 2696 1905 2757 sinistris
1934 2716 2009 2757 ex
2034 2692 2361 2759 abundanti
2388 2692 2587 2773 adjici,
2612 2694 2706 2752 vel
2735 2693 2797 2753 in

603 2787 818 2867 quinto
859 2808 1038 2851 voces
1078 2809 1184 2851 eas
1221 2790 1434 2870 injuria
1474 2791 1735 2871 quadam
1761 2791 2091 2855 excidisse:
2132 2807 2405 2869 cumque,
2433 2788 2548 2848 nisi
2576 2788 2797 2868 aliquid

602 2882 896 2960 ejusmodi
952 2884 1228 2959 addatur,
1282 2887 1433 2947 scire
1475 2906 1859 2967 nequeamus,
1904 2898 2103 2948 utrum
2144 2886 2373 2946 dextrae
2418 2903 2495 2945 an
2546 2884 2798 2945 sinistra

601 2979 844 3055 fuerint,
870 2980 1082 3060 opinor
1106 2982 1346 3062 paribus
1367 2984 1526 3046 tibiis
1548 2994 1803 3064 quatuor
1824 2983 2095 3065 intelligi,
2116 2982 2266 3043 duas
2296 2978 2517 3041 scilicet
2542 2979 2801 3053 dextras,

535 3102 542 3108 ·
603 3090 741 3133 cum
769 3073 1002 3136 duabus
1031 3076 1302 3151 sinistris,
1324 3088 1387 3139 et
1405 3077 1671 3141 diversas
1694 3079 1939 3140 Fabulae
1956 3090 2155 3159 partes
2180 3074 2426 3136 diversis
2454 3075 2608 3135 tibiis
2636 3084 2803 3134 actas

602 3168 832 3240 fuisse:
883 3170 1030 3232 alias
1057 3191 1270 3251 nempe
1315 3172 1547 3233 duabus
1591 3172 1838 3243 dextris,
1868 3172 2017 3233 alias
2060 3189 2199 3231 vero
2248 3168 2480 3229 duabus
2510 3168 2799 3237 sinistris3

607 3265 701 3325 vel
729 3274 914 3325 totam
941 3266 1226 3327 Fabulam
1253 3266 1440 3327 altera
1457 3266 1588 3329 vice
1613 3267 1710 3329 his
1737 3266 1918 3339 tibiis,
1946 3266 2131 3329 altera
2155 3264 2292 3325 illis.
2373 3264 2701 3341 Utrumque
2738 3268 2800 3325 in

603 3380 722 3421 usu
748 3359 932 3421 fuisse
957 3378 1078 3420 non
1106 3374 1200 3421 est
1224 3370 1292 3423 ut
1319 3360 1679 3435 dubitemus,
1722 3380 1858 3421 eum
1884 3380 1960 3421 ex
1980 3361 2145 3422 hisee
2173 3359 2362 3423 titulis
2391 3366 2630 3419 constet
2654 3378 2799 3420 ean-

607 3454 745 3515 dem
783 3454 1044 3516 fabulam
1073 3475 1192 3515 non
1222 3476 1454 3536 semper
1489 3456 1701 3516 iisdem
1726 3457 1880 3518 tibiis
1910 3467 2106 3517 actam
2134 3456 2357 3524 fuisse;
2402 3463 2463 3515 et
2488 3455 2547 3514 in
2590 3453 2798 3515 eadem

605 3550 836 3611 actione
871 3550 1083 3613 modos
1123 3552 1486 3667 cantieorum
1516 3562 1580 3613 et
1605 3552 1996 3614 diverbiorum
2024 3572 2185 3633 soepe
2214 3561 2474 3613 mutatos
2502 3552 2799 3612 annotarit

605 3642 905 3706 Donatus.

688 3741 917 3811 Quarta
962 3740 1167 3802 sabula
1209 3752 1345 3803 acta
1390 3742 1605 3805 dicitur
1652 3743 1809 3806 tibiis
1850 3742 2141 3819 Sarranis,
2187 3742 2305 3817 vel,
2350 3753 2419 3805 ut
2447 3741 2546 3803 alii
2570 3740 2798 3821 legunt,

607 3836 907 3905 Serranis:
937 3836 1047 3898 sed
1075 3837 1219 3897 mibi
1244 3837 1555 3900 indubium
1597 3851 1692 3901 est
1733 3840 2019 3901 Sarranis
2060 3859 2261 3902 veram
2287 3858 2422 3901 esse
2460 3838 2796 3910 lectionem,

608 3952 648 3995 a
669 3936 846 3995 Sarra
870 3933 1070 4007 dietis,
1096 3952 1232 4014 quae
1258 3936 1414 4015 Tyro
1437 3934 1579 3996 olim
1613 3955 1835 3997 nornen
1875 3936 2019 4006 suit3
2062 3936 2225 3996 unde
2264 3934 2573 4015 Virgilius,
2619 3941 2637 3968 ‘
2662 3934 2801 3995 sar-

603 4048 752 4089 rano
785 4028 1103 4091 indormiat
1149 4042 1314 4091 ostro
1333 4035 1372 4089 ε’
1411 4030 1491 4091 G.
1523 4050 1602 4091 11.
1630 4034 1770 4092 506.
1806 4040 1869 4091 et
1914 4032 2210 4111 antiquior
2256 4030 2505 4109 Virgilio
2547 4029 2797 4101 Ennius,

607 4130 626 4161 ⁸
647 4122 866 4189 Poenos
896 4126 1074 4189 Sarra
1098 4124 1426 4201 oriundos:
1469 4137 1540 4190 ut
1583 4127 1783 4192 locum
1818 4126 1989 4191 illum
2026 4126 2291 4189 laudavit
2318 4124 2569 4189 Probus.
2650 4124 2803 4187 Mihi
