3234 4934
621 394 752 459 150
1210 406 1485 458 sumus
1530 406 1789 457 cassan
1835 404 2204 456 scansus

624 553 847 613 ratione
872 572 977 633 par
1004 560 1166 613 esset
1192 551 1406 626 iambo,
1434 570 1555 611 non
1584 552 1782 631 potuit
1805 569 1879 611 eo
1906 570 2040 611 esse
2067 550 2312 612 celerior
2337 552 2450 611 nisi
2479 572 2622 613 sane
2655 564 2801 613 tem·-

621 668 828 729 porum
884 659 1263 729 temporaque
1316 636 1705 709 deferentium
1748 648 2108 728 syllabarum
2137 648 2274 721 situ,
2317 668 2436 727 qua
2463 668 2584 708 una
2609 670 2672 710 re
2721 648 2808 710 illi.

624 747 793 806 fleret
820 744 1141 805 dissimilis.
1220 744 1426 805 Trahit
1472 747 1626 805 enim
1667 745 1964 805 trochoeus
1995 743 2224 824 syllaba
2251 746 2441 823 priore
2468 763 2672 805 vocem
2699 746 2802 816 ita,

623 854 692 902 ut
737 844 796 902 in
840 841 1157 920 posteriore
1196 841 1558 915 emollescat,
1610 862 1682 902 ac
1708 844 1880 921 quasi
1903 850 2236 902 evanescat.
2323 842 2559 901 Iambus
2600 861 2635 901 e
2661 860 2806 903 con·

624 938 824 1011 trario‚
852 938 1205 999 celeritatem
1234 940 1559 1017 professus,
1587 939 1934 1018 gravitatem
1979 948 2240 1017 praestat.
2325 938 2533 1016 Itaque
2561 935 2805 1017 sangui-

625 1036 823 1094 narius
852 1054 980 1115 pes,
1000 1045 1061 1095 et
1085 1050 1349 1114 promtus
1372 1036 1450 1096 ad
1478 1035 1925 1108 vulnerandum,
1949 1034 2178 1095 indicat
2203 1045 2264 1093 et
2291 1034 2570 1113 impetum
2597 1036 2804 1115 primo,

622 1140 683 1191 et
710 1131 1013 1190 statariam
1066 1151 1325 1211 pugnam
1376 1152 1535 1192 mox.
1646 1131 1717 1191 Id
1768 1130 1930 1209 quod
1988 1132 2303 1209 Hipponax
2356 1149 2492 1190 cum
2523 1130 2804 1191 acerrimo

621 1226 861 1305 ingenio
888 1227 975 1285 vir
1002 1227 1504 1300 animadverteret,
1528 1246 1704 1306 qnam
1734 1227 2019 1287 rationem
2046 1227 2302 1305 impetus
2343 1228 2402 1299 in
2431 1226 2581 1306 pede
2611 1246 2796 1305 agno-

623 1321 825 1392 visset,
852 1341 983 1381 eam
1012 1324 1071 1379 in
1095 1322 1447 1401 peculiarem
1474 1322 1611 1401 pedi
1638 1341 1872 1381 versum
1901 1322 2200 1382 transtulit
2226 1343 2242 1382 ι
2285 1333 2372 1395 ut,
2403 1324 2554 1383 sicut
2573 1324 2806 1382 iambus

624 1416 683 1476 in
716 1417 946 1497 syllaba
970 1418 1153 1497 longa
1170 1418 1443 1498 pertinax
1471 1428 1782 1497 pugnaret,
1810 1419 1897 1479 sic
1925 1420 2209 1479 iambicus
2238 1439 2441 1479 versus
2471 1420 2528 1478 in
2559 1420 2804 1499 longum

626 1511 838 1592 pedem
869 1513 1248 1573 incumberet.
1293 1514 1590 1591 Leviorem
1622 1515 1776 1573 enim
1805 1525 1968 1576 ratus
1985 1514 2265 1587 iambum,
2293 1536 2468 1594 quam
2497 1526 2566 1577 ut
2591 1516 2670 1575 ad
2699 1518 2808 1577 im-

626 1608 991 1688 pressionem
1044 1608 1375 1670 faciendam
1430 1610 1575 1669 satis
1618 1620 1798 1682 esset,
1851 1609 1911 1669 in
1967 1610 2232 1689 quintam
2287 1611 2530 1691 praelato
2586 1612 2808 1683 sedem,

628 1704 946 1765 succedere
974 1704 1027 1764 ei
1056 1705 1403 1784 spondaeum
1433 1705 1589 1765 fecit.
1639 1701 1662 1781 s
1674 1706 1872 1774 Quare
1912 1704 1974 1764 id
2001 1725 2236 1786 quoque
2255 1704 2478 1785 judicio
2505 1709 2811 1767 consecuti

624 1819 832 1861 sumus
860 1820 993 1873 nos,
1019 1802 1255 1881 propius
1284 1800 1360 1860 ad
1390 1811 1660 1863 naturam
1702 1802 1954 1883 partium
2003 1821 2378 1863 accessurum
2411 1801 2594 1863 fuisse
2621 1811 2810 1863 totum

626 1914 880 1969 versum,
910 1898 959 1957 si
1002 1898 1231 1957 iambus
1256 1898 1598 1978 imparibuS‚
1646 1898 1944 1958 trochaeus
1973 1897 2212 1978 paribus
2241 1897 2481 1958 sedibus
2507 1897 2811 1959 constituti

626 1993 897 2054 fuissent.
981 1994 1167 2073 Cujus
1208 1994 1292 2055 rei
1340 1996 1694 2075 exemplum,
1722 1994 2002 2075 quoniam
2050 2014 2144 2054 res
2172 2006 2264 2055 est
2291 1996 2482 2055 minus
2509 1994 2750 2065 usitata,
2775 2012 2810 2053 e

628 2089 845 2149 nostris
872 2090 1183 2169 poematiis
1230 2090 1605 2170 subjiciemus
1652 2111 1834 2150 unum
1869 2111 1944 2151 ex
1991 2091 2288 2151 iambicis:
2333 2098 2350 2125 ‘
2375 2090 2551 2151 Malis
2578 2091 2815 2151 fortuna

628 2185 1018 2265 Cornucopiae
1040 2186 1336 2267 funditz’-
1378 2188 1626 2248 alterum
1673 2206 1748 2245 ex
1791 2186 2143 2248 trochaicis:
2214 2192 2232 2221 ‘
2255 2188 2318 2246 Si
2364 2187 2595 2268 plaudit
2639 2187 2809 2247 malis

623 2281 882 2355 fortuna,
910 2282 1052 2363 quid
1092 2282 1273 2365 justis
1302 2283 1442 2343 fit‘e’
1510 2283 1627 2351 Qui
1671 2284 1858 2342 flexus
1907 2302 2278 2343 numerorum
2315 2282 2488 2342 sicui
2519 2282 2810 2342 absurdus

626 2376 875 2450 videtur,
944 2377 995 2435 is
1052 2378 1377 2438 meminerit
1428 2377 1654 2437 aurium
1709 2377 2198 2437 consuetudinem
2251 2377 2569 2437 violentam
2635 2396 2808 2439 esse:

628 2490 897 2550 novaque
946 2482 1126 2552 atque
1175 2473 1455 2533 inusitata
1498 2491 1620 2532 non
1668 2482 1789 2533 tam
1841 2492 2072 2553 semper
2105 2472 2400 2547 admirari,
2443 2493 2622 2552 quam
2649 2494 2810 2556 soepe

625 2586 922 2647 respuere.
976 2570 1195 2628 Verum
1223 2586 1579 2649 magnopere
1603 2579 1810 2630 nostra
1839 2571 2104 2642 interest,
2133 2571 2236 2649 qui
2262 2569 2461 2647 quoad
2485 2571 2625 2631 licet
2643 2571 2809 2633 Aris-

626 2663 825 2724 totelis
892 2664 1161 2743 exemplo
1234 2683 1425 2724 rerum
1494 2684 1713 2725 causas
1773 2665 2158 2745 vestigamus,
2233 2667 2432 2725 venari
2502 2667 2810 2741 rationem,

628 2769 868 2839 propter
902 2778 1103 2839 quam,
1152 2778 1286 2821 cum
1338 2760 1533 2820 iambo
1580 2759 1784 2821 sedem
1833 2761 2208 2841 assignarent
2252 2762 2448 2841 prisci,
2499 2764 2812 2824 maluerint

626 2874 799 2935 pares
828 2856 1097 2917 retinere.
1182 2856 1359 2929 Nam,
1405 2856 1455 2917 si
1500 2858 1560 2917 in
1610 2857 1905 2939 dactylico
1951 2859 2183 2918 senario
2228 2878 2348 2918 una
2390 2868 2620 2919 tantum
2667 2860 2812 2920 satis

627 2951 759 3024 fuit,
788 2952 996 3032 quinta
1036 2953 1305 3015 scilicet:
1346 2954 1470 3015 sive
1500 2954 1597 3015 ille
1637 2956 1749 3014 suit
1777 2955 2161 3035 spondaicus,
2189 2974 2309 3015 una
2335 2955 2474 3014 item
2503 2956 2616 3015 fuit
2644 2956 2812 3027 satis,

625 3050 845 3129 quippe
872 3058 1082 3110 sexta:
1124 3070 1307 3129 quare
1352 3052 1614 3112 trochoeo
1665 3052 1938 3132 impares,
1977 3053 2122 3113 alias
2169 3051 2362 3111 iambo
2409 3040 2810 3113 constituere?

624 3162 762 3203 nam
793 3144 907 3203 hoc
935 3160 1079 3204 sane
1113 3155 1325 3225 proeter
1351 3157 1622 3206 naturam
1667 3147 1887 3206 factum
1917 3146 2173 3207 videtur.
2261 3146 2490 3206 Etenim
2519 3166 2620 3225 per
2647 3148 2811 3207 initia

626 3238 676 3297 si
704 3237 847 3297 solis
876 3249 979 3297 aut
1020 3239 1228 3299 iambis
1256 3250 1359 3299 aut
1405 3241 1682 3301 trochsais
1711 3261 1914 3301 versus
1963 3244 2342 3315 constabant,
2385 3242 2619 3301 videtur
2665 3262 2810 3302 sane

624 3332 872 3415 primam
912 3351 1211 3413 quamque
1254 3333 1454 3395 sedem
1493 3335 1628 3396 illos
1679 3338 1931 3415 arripere
1977 3336 2274 3397 debuisse.
2357 3336 2590 3404 Quibus
2615 3339 2810 3398 verbis

626 3438 695 3488 ut
718 3428 1129 3506 respondeam,
1158 3448 1301 3489 sane
1327 3431 1575 3508 primum
1608 3431 1696 3491 sic
1725 3450 1921 3511 agam.
1992 3431 2126 3491 Non
2157 3452 2289 3492 esse
2321 3452 2512 3492 rerum
2541 3445 2812 3494 naturam

626 3532 864 3583 secutos
890 3526 1328 3603 veterespoetas
1374 3544 1390 3585 :
1435 3525 1624 3586 multa
1647 3525 1764 3585 illis
1792 3545 1900 3605 pro
1929 3527 2163 3587 libidine
2206 3529 2368 3587 sacta
2392 3529 2595 3603 fuisse,
2625 3529 2813 3592 multa

625 3616 861 3677 fortuito
906 3617 1219 3692 excidisse,
1266 3640 1402 3698 quse
1438 3630 1649 3699 postea
1703 3640 1810 3699 pro
1853 3621 2080 3701 legibus
2122 3625 2525 3701 probarentur.
2612 3626 2808 3687 Unum

626 3712 774 3773 illud
824 3714 969 3773 satis
1010 3724 1267 3785 constat,
1318 3733 1459 3774 cum
1506 3715 1770 3777 trochus
1799 3715 2000 3777 sedem
2037 3718 2283 3796 primam
2310 3722 2647 3793 retinerent,
2688 3742 2807 3783 non

620 3809 961 3870 inconsulto
988 3807 1280 3868 diversam
1308 3810 1383 3869 ab
1408 3828 1500 3881 ea,
1548 3821 1610 3870 et
1638 3810 1768 3871 aliis
1796 3812 2114 3892 imparibus
2153 3814 2402 3875 adverso
2428 3815 2565 3896 pedi
2615 3818 2812 3877 iambo

621 3906 981 3985 assignasse.
1064 3905 1261 3973 Quare
1290 3916 1492 3967 autem
1532 3907 1690 3967 hanc
1737 3908 1899 3981 huic,
1925 3908 2084 3969 illam
2129 3910 2210 3969 illi
2259 3909 2634 3981 reddiderint,
2663 3930 2810 3972 sane

625 4002 786 4062 haud
814 4001 987 4061 facile
1014 4012 1105 4061 est
1132 4002 1455 4063 intellectu.
1528 4006 1722 4083 Atque
1737 4006 1835 4065 hic
1855 4006 2092 4084 quidem
2121 4008 2203 4065 ita
2223 4006 2403 4065 sentit
2429 4006 2766 4067 PriscIanus
2789 4028 2808 4067 τ

630 4098 945 4170 Quoniam,
972 4097 1182 4177 inquit,
1210 4098 1271 4157 in
1300 4097 1563 4159 secundo
1590 4099 1744 4179 pede
1761 4120 1893 4160 cum
1925 4099 2282 4159 dimetiendo
2300 4101 2563 4160 feriretur
2581 4120 2809 4174 versus,

625 4194 813 4254 minor
842 4196 895 4253 ei
920 4194 1051 4254 loco
1078 4214 1243 4254 mora
1267 4192 1467 4256 debita
1494 4207 1603 4255 est.
1673 4196 1826 4255 Nam
1852 4196 1991 4255 mihi
2019 4207 2226 4256 contra
2247 4195 2496 4269 videtur,
2523 4198 2806 4278 majorem

624 4308 847 4361 moram
875 4290 1073 4351 deberi
1100 4291 1159 4349 in
1188 4290 1642 4370 pronuntiando,
1669 4293 1768 4354 ubi
1797 4306 2058 4371 tempore
2093 4294 2225 4373 ipso
2251 4293 2640 4353 immoramur.
2727 4292 2804 4355 Et
