3234 4934
608 397 698 466 26
1501 409 1917 460 unarum.

607 563 763 624 sunt
790 555 876 624 ad
905 557 1232 633 locorum,
1277 575 1427 639 quae
1471 553 1795 632 incidunt,
1838 552 2363 637 expositionem:
2404 559 2613 636 atque
2644 573 2802 637 pas--

605 663 732 728 sim
778 661 862 727 ad
910 661 1226 747 prologos
1271 657 1797 735 Comoediarum,
1838 666 1907 721 et
1949 656 2039 721 ad
2068 655 2463 723 Comoedias
2500 647 2691 741 ipsa's
2722 659 2801 722 il·-

605 762 986 831 lustrandas
1013 767 1336 846 excerpta
1379 761 1536 824 inde
1579 759 1883 843 protulit.
1966 759 2333 844 Superesse
2374 759 2643 825 codices
2669 759 2800 824 Te-

605 867 973 944 rentianus,
1018 865 1262 950 quibus
1299 865 1546 946 glossae
1581 866 1653 927 et
1700 859 1959 927 scholia
2004 861 2264 926 diversa
2306 862 2395 926 ab
2440 860 2598 939 iuis,
2644 880 2801 943 qnae

606 969 736 1034 sub
793 968 1056 1033 nomine
1109 966 1383 1044 Donati,
1443 963 1830 1049 Eugraphii,
1882 963 2267 1049 calphurnii
2323 964 2503 1048 typis
2546 982 2803 1028 excusa

609 1074 786 1150 sunt,
829 1071 1040 1136 multa
1089 1077 1268 1146 sunt,
1310 1087 1466 1151 quse
1509 1067 1673 1133 mihi
1718 1068 2019 1134 suadent.
2105 1066 2464 1150 Catalogus
2490 1065 2801 1130 codicum

607 1173 780 1238 Mss.
813 1173 1108 1237 Latinor.
1139 1170 1464 1236 Biblioth.
1497 1170 1670 1253 Reg.
1698 1169 1945 1235 Galliae
1975 1170 2057 1234 Τ.
2092 1185 2194 1234 1v.
2236 1176 2537 1234 recenset
2562 1175 2801 1251 proeter

607 1275 907 1350 codices,
950 1273 1070 1356 qui
1115 1271 1677 1338 Commentarium
1732 1272 1983 1337 Donati
2038 1271 2172 1336 No.
2212 1271 2409 1336 7920.
2453 1269 2630 1334 Saec.
2684 1285 2801 1333 xi.

604 1376 800 1442 7921.
845 1375 1021 1440 Saec.
1071 1390 1202 1438 xv,
1251 1380 1321 1439 et
1372 1372 1737 1456 Eugraphii
1790 1372 1925 1436 No.
1976 1373 2175 1438 7917.
2222 1371 2581 1448 continent,
2624 1371 2799 1436 alios

607 1478 730 1560 qui
755 1477 930 1541 inter
957 1476 1166 1540 lineas
1195 1475 1482 1556 glossas,
1507 1478 1576 1537 et
1601 1472 1691 1538 ad
1720 1473 2075 1556 marginem
2108 1473 2367 1538 scholia
2394 1473 2635 1537 sistunt
2664 1471 2799 1538 No.

603 1579 802 1646 7900.
846 1578 1025 1643 Seec.
1061 1592 1141 1641 x.
1170 1575 1364 1642 7903.
1408 1576 1588 1641 Saec·
1624 1592 1736 1639 xi.
1763 1575 1959 1654 8403,
2002 1575 2209 1639 alium
2238 1593 2393 1638 cum
2422 1565 2669 1656 glossis
2698 1574 2801 1638 in-

603 1681 1070 1748 terlinearibus
1119 1679 1348 1745 7904.-
1379 1678 1550 1744 Saec.
1606 1694 1752 1743 ΧΠ.
1806 1697 1959 1743 cum
2008 1677 2254 1761 glossis
2302 1676 2391 1742 ad
2440 1679 2797 1760 marginem

605 1783 805 1849 7909.
849 1783 1025 1847 Saec.
1071 1797 1208 1845 xv.
1255 1780 1448 1846 7916.
1493 1779 1810 1864 anonymi
1854 1780 2344 1862 expositionem
2374 1778 2572 1844 7919.
2606 1777 2801 1844 7922.-

607 1884 881 1950 'I'alium
910 1881 1224 1948 codicum
1268 1880 1470 1945 hodie
1511 1881 1722 1947 multo
1768 1880 1987 1965 major
2012 1899 2319 1944 numerus
2345 1880 2629 1945 Parisiis
2658 1884 2801 1948 erit.

610 1985 858 2070 Neque
889 1987 958 2050 in
987 1984 1144 2050 aliis
1191 1984 1631 2049 Bibliothecis
1674 1983 2159 2048 desiderantur.
2243 1983 2290 2048 J
2295 2003 2359 2048 o.
2414 1982 2687 2048 Lamius
2734 1985 2803 2048 in

609 2084 830 2152 Catal.
861 2087 1076 2152 Codd.
1128 2086 1298 2152 Mss.
1351 2087 1671 2152 Biblioth.
1726 2086 2192 2152 Riccardianae
2240 2105 2397 2170 pag.
2440 2085 2591 2152 360.
2636 2087 2806 2177 citat

607 2189 988 2256 Terentium
1037 2209 1192 2255 cum
1235 2189 1508 2254 scholiis
1557 2190 1836 2254 membr.
1886 2207 2083 2271 quem
2129 2194 2152 2224 ‘
2182 2188 2562 2266 vetustum,’
2606 2193 2628 2223 ‘
2650 2209 2799 2274 pre-

607 2291 892 2357 tiosum’
933 2297 1150 2357 vocat.
1231 2289 1468 2354 Codex
1497 2289 1698 2373 hujus
1726 2290 1985 2370 generis
2010 2289 2166 2352 olim
2202 2289 2800 2372 deprehendebatur

609 2392 1127 2476 Guelpherbyti,
1170 2390 1346 2455 unde
1389 2407 1434 2454 a
1481 2388 1903 2454 serenissimo
1950 2389 2294 2454 conditore
2346 2389 2795 2455 Bibliothecae

611 2493 1246 2578 Guelpherbytanae,
1296 2492 1488 2556 Duce
1535 2491 2021 2556 Brunovicensi
2066 2491 2399 2572 Augusto,
2440 2492 2633 2578 cujus
2678 2511 2801 2558 noz-

611 2615 770 2660 men
798 2595 1062 2659 interire
1093 2593 1314 2659 Musae
1343 2613 1476 2658 non
1505 2595 1738 2671 sinent,
1762 2593 1848 2657 ad
1870 2591 2321 2675 Continginm,
2354 2593 2803 2660 Professorem

613 2695 1237 2772 Helmstadiensem,
1268 2696 1672 2773 mittebatur,
1706 2702 1785 2758 ut
1801 2693 2130 2778 judicium
2164 2693 2249 2758 de
2276 2714 2358 2760 eo
2386 2694 2602 2759 ferret.
2662 2696 2801 2761 Iste

611 2799 763 2863 haec
787 2799 852 2862 in
879 2797 1092 2862 fronte
1147 2796 1316 2860 Msti
1363 2796 1727 2879 inscripsit,
1770 2802 1941 2861 teste
1988 2795 2035 2860 J
2039 2841 2057 2858 .
2106 2795 2493 2860 Buuckhard
2547 2796 2802 2862 Histor-

615 2899 1052 2966 Bibliothecoe
1113 2895 1446 2981 Augustae
1511 2916 1556 2963 ι.
1615 2897 1767 2964 229.
1826 2903 1847 2932 ‘
1873 2898 2224 2964 Terentius
2279 2896 2455 2963 Cod.
2514 2899 2803 2964 chartac.

615 3000 852 3070 Codex
882 3001 990 3066 hic
1021 3001 1315 3066 continet
1337 3001 1596 3066 scholia
1622 3001 1691 3066 in
1716 2999 2099 3067 Comoedias
2120 3019 2351 3065 omnes
2372 3000 2805 3066 Terentianas

613 3123 747 3168 non
777 3102 1280 3168 contemnenda.
1368 3103 1544 3180 Quis
1573 3104 1687 3167 ille
1714 3104 2115 3168 scholiastes
2142 3105 2379 3184 ignoro
2405 3122 2424 3181 3
2466 3104 2596 3167 nisi
2620 3103 2805 3186 quod

613 3203 1102 3287 deprehendam
1132 3211 1202 3267 et
1233 3209 1430 3268 aetate
1477 3208 1544 3267 et
1595 3203 1909 3292 doctrina·
1946 3205 2132 3268 illum
2163 3223 2313 3267 esse
2346 3204 2611 3266 Donato
2640 3205 2805 3268 inse-

613 3305 873 3369 riorem.
937 3303 1098 3369 Non
1121 3304 1326 3368 credo
1349 3305 1675 3369 hactenus
1696 3306 2092 3388 impressum
2118 3304 2451 3388 prodiisse
2471 3305 2538 3367 in
2568 3304 2803 3373 lucem.

613 3403 954 3469 Volumen
1003 3404 1072 3467 in
1125 3403 1330 3468 Italia
1375 3423 1530 3468 esse
1579 3413 1950 3482 exaratum,
1994 3425 2083 3470 ex
2122 3405 2406 3489 adjectis
2437 3405 2549 3469 fini
2578 3409 2805 3490 operis

615 3503 970 3569 versiculis
1005 3502 1288 3580 Italicis,
1335 3504 1648 3586 colligere
1678 3513 1799 3572 est.
1890 3505 2141 3572 Modus
2168 3507 2495 3570 scribendi
2528 3508 2805 3588 indicat,

619 3606 940 3690 scriptum
984 3623 1136 3670 esse
1179 3611 1332 3671 ante
1368 3605 1492 3670 hos
1521 3615 1852 3672 trecentos
1881 3608 1991 3671 vel
2018 3606 2539 3690 quadringentos
2568 3629 2805 3689 annos,

616 3726 992 3791 quanquam
1022 3708 1174 3790 ipse
1203 3714 1439 3772 auctor
1479 3709 1673 3790 longe
1722 3709 1815 3773 sit
1854 3707 2228 3791 antiquior!
2314 3707 2627 3776 Codicem
2658 3718 2808 3777 ante

619 3809 944 3874 saeculum
975 3823 1154 3872 xm.
1183 3815 1534 3874 exaratum
1566 3827 1743 3887 esse,
1786 3810 1877 3874 ob
1906 3811 2245 3876 materiam
2278 3813 2387 3876 cui
2440 3814 2807 3897 inscriptus

619 3917 746 3988 est,
789 3910 1080 3975 chartam
1129 3909 1392 3973 scilicet
1437 3908 1793 3976 hodienum
1842 3912 2180 3991 usitatam,
2221 3911 2525 3978 affirmari
2564 3917 2807 3997 nequit.

621 4013 809 4078 Num
837 4011 1056 4076 adhuc
1089 4009 1575 4097 Guelpherhyti
1606 4021 2003 4091 asservetur,
2046 4015 2153 4079 vel
2184 4033 2319 4098 quo
2346 4024 2661 4080 terrarum
2692 4016 2809 4081 de-

619 4113 900 4188 venerit,
946 4110 1162 4176 dicere
1189 4131 1324 4177 non
1352 4112 1592 4178 habeo.
1678 4113 1877 4180 Certe
1904 4135 2034 4181 non
2063 4123 2172 4181 est
2198 4117 2327 4181 duo
2349 4115 2808 4201 Gnelpherby-

621 4221 926 4282 tanetum
973 4232 1168 4293 unus,
1211 4233 1386 4299 quos
1434 4234 1558 4300 pro
1611 4216 1903 4284 editione
1952 4217 2290 4284 Bothiana
2344 4217 2430 4285 cl.
2482 4218 2809 4286 Gesenius
