3234 4934
752 428 1153 481 covnauus
1201 430 1301 479 nn
1348 430 1571 484 nunus
1623 428 2228 483 uscAnnnsrsus.
2497 418 2586 485 81

399 572 834 653 significabant,
872 572 1027 633 laetis
1070 571 1317 632 vestitus
1356 570 1607 636 dabatur
1654 570 1988 633 candidum
2030 571 2380 635 inmmnosis
2405 574 2586 640 obso-

398 669 587 729 letus:
630 667 795 728 diviti
822 686 1057 747 quoque
1098 684 1463 746 purpureus:
1509 666 1754 746 pauperi
1789 666 2138 747 phoenicius.
2219 648 2452 749 Tragici
2483 682 2590 731 aut

396 764 649 845 tragoedi
698 773 927 825 actores
975 764 1521 825 Calceamentorum
1570 782 1784 841 genere
1827 781 1867 823 a
1914 762 2216 823 Comoedis
2263 766 2588 841 variabant,

394 878 585 939 eoque
617 858 1118 923 discernebantur.
1202 858 1532 919 Utebantur
1584 859 1741 919 enim
1786 858 2020 938 Tragici
2065 860 2130 919 in
2172 859 2426 921 Tbeatro
2465 862 2586 921 Co-

395 955 645 1029 thurnis,
672 954 835 1033 quod
862 954 983 1015 tale
1010 972 1201 1035 genus
1229 963 1357 1015 erat
1382 952 1790 1027 calceamenti,
1823 963 1892 1015 ut
1919 954 2126 1016 dextro
2151 956 2418 1035 laevoque
2445 957 2588 1037 pedi

396 1050 763 1113 conveniret:
787 1059 1046 1111 ceterum
1066 1049 1253 1132 altum
1268 1057 1331 1109 et
1345 1048 1706 1128 prominens,
1719 1057 2068 1128 actoresque
2085 1050 2443 1131 proceriores
2459 1052 2586 1113 effi·

396 1145 557 1208 ciens
579 1166 651 1208 ac
668 1146 957 1207 referens:
978 1144 1121 1207 varii
1136 1144 1373 1218 coloris,
1390 1156 1453 1205 et
1470 1144 1788 1235 honestum
1807 1154 1986 1224 atque
2003 1146 2278 1224 elegans:
2301 1166 2491 1226 usque
2504 1146 2584 1209 ad

394 1262 589 1304 suram
614 1242 961 1323 plerumque
987 1238 1346 1314 devinctum,
1374 1258 1535 1301 more
1568 1240 1818 1299 Punico.
1906 1238 2132 1301 Comici
2177 1250 2432 1316 actores,
2475 1252 2584 1304 aut

392 1340 665 1413 comoedi,
712 1340 775 1399 in
824 1336 1021 1399 scenis
1069 1336 1273 1397 Soccis
1320 1338 1676 1398 utebanturz
1745 1335 1906 1415 quod
1951 1336 2336 1397 calceamenti
2386 1359 2578 1417 genus

392 1436 614 1517 optime
656 1436 769 1495 sub
811 1430 993 1514 pallio
1037 1432 1443 1492 conveniebat.
1528 1430 2046 1499 Quemadmodum
2073 1432 2229 1492 enim
2256 1448 2580 1514 pauperum

392 1552 465 1594 ac
490 1531 841 1591 rusticorum
869 1527 1277 1589 vestimentum
1306 1526 1421 1587 fuit
1455 1526 1731 1602 Panium,
1774 1527 1860 1587 ita
1893 1527 2071 1587 etiam
2119 1528 2344 1589 Soccus
2397 1529 2582 1591 altum

390 1630 505 1689 suit
544 1628 1007 1687 calceamentum
1061 1622 1295 1685 rusticis
1343 1624 1662 1705 proprium,
1709 1632 1947 1703 propter
1987 1624 2202 1685 imbres
2249 1633 2313 1683 et
2369 1624 2580 1697 lutum,

390 1734 567 1803 atque
610 1723 907 1804 hybernas
952 1718 1215 1799 pruinas.
1295 1720 1384 1779 Eo
1428 1719 1814 1781 calceamenti
1855 1738 2074 1798 genere
2110 1720 2428 1779 utebantur
2455 1730 2580 1779 tam

388 1820 495 1881 viri
520 1839 700 1899 quam
724 1817 1017 1879 mulieres.
1111 1815 1547 1885 Quintilianus:
1605 1822 1624 1851 ‘
1648 1815 1960 1876 Comoedia
1998 1816 2060 1875 in
2105 1814 2430 1875 cothurnos
2457 1835 2580 1875 non

387 1916 683 1995 assurgit:
724 1934 837 1975 neo
870 1920 1078 1973 contra
1103 1910 1419 1989 Tragoedia
1446 1930 1624 1973 socco
1651 1910 2020 1990 ingreditur:
2058 1910 2374 1990 Tragoedia
2395 1911 2577 1983 enim,

388 2032 524 2073 eum
551 2030 727 2090 grave
754 2018 815 2069 et
840 2026 1121 2088 magnum
1165 2015 1596 2085 argumentum,
1643 2025 2012 2085 magnasque
2060 2015 2122 2066 et
2145 2005 2416 2084 ingentes
2447 2024 2582 2083 per·

388 2124 569 2167 sonas
596 2126 721 2186 proe
750 2124 817 2165 se
842 2104 1037 2175 ferret,
1063 2099 1368 2161 cothurnis
1398 2102 1484 2161 uti
1513 2101 1735 2161 debuit.
1805 2098 2172 2159 Comoediam
2201 2108 2420 2172 autem,
2442 2118 2580 2159 cum

388 2212 550 2265 esset
590 2199 851 2270 humilis,
897 2208 960 2259 et
1000 2198 1251 2259 rusticos
1293 2207 1648 2278 proponeret
1685 2196 1746 2255 in
1793 2212 1998 2266 scena,
2040 2192 2237 2272 palliis
2286 2202 2348 2253 et
2389 2195 2581 2256 soccis

342 2288 353 2297 ’
388 2297 750 2359 commodius
800 2304 929 2356 erat
952 2293 1168 2355 ornari.
1249 2291 1427 2363 Quod
1472 2302 1756 2373 praeterea
1799 2291 1876 2350 de
1918 2288 2012 2349 his
2043 2290 2215 2350 rebus
2259 2287 2374 2353 dici
2400 2307 2583 2370 posse

388 2394 679 2474 quispiam
712 2391 1027 2473 judicabit,
1074 2392 1137 2452 id
1178 2391 1237 2452 in
1271 2388 1431 2451 aliud
1460 2401 1694 2471 tempus
1717 2394 1992 2467 expectet
2018 2402 2264 2447 necesse
2283 2393 2416 2445 est:
2457 2404 2578 2445 non

390 2490 544 2551 enim
572 2490 667 2549 hic
696 2488 893 2549 omnia
921 2487 1095 2548 simul
1130 2487 1425 2551 discutere
1472 2484 1644 2545 nobis
1668 2484 1854 2555 licuit,
1905 2492 2028 2541 tum
2054 2490 2291 2561 propter
2312 2478 2398 2540 rei
2426 2460 2598 2539 diiii-⁶

390 2586 691 2661 cultatem,
713 2595 840 2647 tum
860 2604 997 2647 vero
1024 2585 1165 2666 quia
1184 2604 1289 2665 per
1316 2582 1559 2663 negotia
1586 2581 1782 2641 minus
1803 2579 1918 2639 fuit
1943 2576 2337 2639 commodum.

802 3061 1435 3136 ANTONIUS
1510 3056 2163 3127 GOVEANUS

985 3234 1090 3285 nn
1136 3228 1354 3283 Lums
1403 3222 1986 3279 MEGALENsmus.

392 3404 491 3479 Dr,
519 3418 698 3479 Ludis
726 3409 1178 3495 Megalensibus
1200 3408 1341 3491 quia
1362 3407 1505 3467 certi
1533 3402 1680 3463 nihil
1711 3401 1868 3481 apud
1891 3402 2182 3461 Auctore:
2205 3397 2582 3479 reperiebam,

388 3534 509 3575 non
549 3514 655 3573 abs
697 3533 757 3573 re
804 3510 1026 3591 putavi,
1074 3528 1211 3588 quse
1253 3504 1535 3582 colligere
1560 3502 1688 3579 ipse
1729 3498 1918 3581 potui,
1963 3498 2025 3557 in
2069 3490 2325 3556 medium
2355 3492 2580 3555 afferre.

388 3610 793 3685 Μεγαλησίους
814 3606 1071 3683 Magnos
1102 3600 1219 3662 dici
1246 3620 1283 3661 a
1303 3596 1549 3675 Graecis«
1559 3596 1723 3655 Deos
1746 3602 1952 3655 auctor
1973 3601 2068 3653 est
2091 3591 2400 3651 Donatus:
2426 3588 2586 3649 Σιοὺε

389 3703 547 3765 enim
576 3702 777 3760 AEoles
814 3698 975 3758 Deos
1002 3706 1253 3758 vocant:
1298 3692 1457 3753 unde
1506 3690 1764 3770 Sibyllas
1809 3687 1924 3749 dici
1967 3686 2099 3746 vult
2140 3687 2381 3747 Aristo:
2421 3682 2586 3763 quod

390 3800 654 3860 Deorum
681 3801 911 3856 mentes
937 3792 1297 3870 consiliaque
1326 3786 1704 3871 perspiciant.
1788 3784 2047 3863 Magnos
2095 3801 2234 3845 vero
2283 3781 2447 3840 Deos
2495 3777 2586 3836 in-

391 3896 618 3974 telligo,
646 3910 797 3971 quos
828 3888 1111 3968 majorum
1141 3886 1405 3963 gentium
1436 3884 1649 3943 Cicero
1675 3888 1872 3951 vocat,
1900 3878 2003 3956 qui
2029 3897 2068 3936 a
2095 3876 2258 3937 terris
2285 3874 2348 3933 in
2372 3869 2589 3932 coelum

390 4012 510 4051 non
560 4005 877 4071 pervenere
906 4004 923 4044 τ
982 3982 1133 4043 tales
1180 3981 1548 4041 habebantur
1598 3976 1851 4054 Jupiter,
1907 3974 2246 4055 Neptunus,
2297 3968 2586 4037 Minerva,

393 4089 571 4147 June.
656 4082 738 4142 At
780 4099 975 4160 neque
1022 4076 1253 4156 magnis
1298 4076 1567 4135 omnibus
1618 4070 1773 4145 Diis,
1822 4069 1929 4129 sed
1974 4077 2200 4129 tantum
2249 4060 2586 4124 coelestibus

397 4192 561 4241 erant
589 4179 652 4238 hi
686 4176 832 4237 Ludi
861 4152 1209 4237 consecrati:
1294 4171 1422 4230 Hos
1453 4190 1607 4242 esse,
1655 4187 1806 4249 quos
1833 4166 2138 4226 Romanos
2169 4160 2399 4221 interim
2426 4156 2589 4217 videa

526 4274 705 4341 deh.
721 4278 771 4324 et
786 4272 906 4323 Ver.
928 4270 1058 4320 Clas.
1402 4262 1593 4317 ferm.
2415 4248 2458 4303 1²·
