3234 4934
1082 340 1090 345 ·
1177 332 1274 379 ns
1324 332 1600 382 Murrus
1648 335 1969 385 comicis.
2536 322 2665 389 223

475 472 682 531 ultima
711 490 830 533 uon
861 473 1106 552 amplius
1131 471 1416 547 ultimam,
1445 474 1552 533 sed
1573 477 1651 535 ab
1680 475 1885 535 ultima
1906 475 2225 537 secundam
2254 477 2457 537 sedem
2484 497 2663 539 occu·

474 579 614 647 pet:
657 587 709 626 e.
739 588 797 645 g.
828 568 909 639 in,
941 569 1108 641 Deoe,
1137 569 1365 627 acuitur
1393 569 1599 647 prima,
1622 571 1681 628 in
1714 571 2001 649 Deaeque,
2032 571 2311 632 secunda.

557 665 760 735 Sext0,
806 664 866 721 in
899 663 1254 743 dissyllabis,
1285 684 1532 741 quorum
1560 666 1717 743 prior
1762 668 1951 725 brevis
2000 678 2112 736 est,
2156 667 2341 725 altera
2367 667 2567 747 longa,
2614 672 2663 729 si

451 775 702 817 coesura
725 758 786 815 in
815 758 1080 819 diversos
1121 758 1302 836 pedes
1331 758 1751 831 distrahantur,
1780 771 2059 819 accentus
2088 762 2423 821 necessario
2450 762 2667 840 migrat
2730 787 2737 793 ·

473 852 534 911 in
563 853 857 921 ultimam;
889 854 1052 933 quod
1078 855 1213 913 ideo
1237 855 1462 915 licitum
1490 855 1624 928 suit,
1652 858 1789 934 quia
1816 858 1938 915 fieri
1966 876 2085 915 non
2114 868 2347 937 poterat
2374 868 2441 915 ut
2468 860 2659 937 poetae

473 945 588 1007 hac
635 949 873 1009 licentia
899 970 1018 1009 non
1045 960 1394 1018 uterentur-3
1436 952 1568 1029 ipsa
1614 954 1784 1013 metri
1832 940 2153 1013 necessitas
2183 962 2448 1011 excusat.
2534 953 2663 1015 Nec

473 1043 638 1104 vitari
697 1054 898 1123 potest
963 1047 1024 1105 in
1083 1046 1344 1125 cujusvis
1397 1050 1634 1125 generis
1698 1049 1977 1120 iambicis,
2034 1049 2267 1128 quoties
2324 1069 2530 1109 versus
2586 1051 2661 1109 ab

473 1139 809 1218 hujusmodi
839 1162 982 1202 voce
1024 1142 1262 1221 incipit3
1315 1154 1396 1215 et,
1441 1144 1492 1201 si
1521 1146 1579 1203 in
1624 1145 1801 1204 talem
1844 1143 2099 1216 desinat,
2129 1165 2516 1223 quaecumque
2546 1164 2659 1203 vox

471 1237 862 1313 proecesserit,
889 1238 1095 1298 ultima
1123 1238 1248 1317 ejus
1279 1238 1510 1318 syllaba
1537 1240 1588 1297 si
1615 1240 1799 1317 longa
1836 1240 1937 1310 sit,
1982 1259 2017 1298 a
2045 1240 2254 1298 ceteris
2286 1239 2519 1300 divulsa
2560 1241 2663 1300 fiet

473 1332 662 1410 prima
709 1332 878 1411 pedis
937 1335 1154 1405 cretici,
1207 1333 1477 1411 adeoque
1537 1334 1600 1391 in
1656 1334 2094 1413 pronuntiando
2152 1342 2429 1396 acuetur:
2498 1336 2660 1412 quod

473 1428 634 1487 valet
659 1429 834 1488 etiam
863 1428 923 1487 in
967 1429 1276 1489 trochaicis
1305 1428 1687 1501 catalecticis,
1722 1430 1823 1507 qui
1866 1429 1979 1489 hac
2009 1430 2067 1487 in
2096 1441 2263 1508 parte
2294 1430 2367 1487 ab
2396 1430 2659 1489 iambicis

475 1522 619 1581 nihil
647 1523 944 1584 differunt.

555 1618 836 1698 Septimo,
863 1620 923 1678 in
955 1619 1273 1699 trisyllabis
1303 1619 1471 1679 metri
1500 1619 1763 1681 conditio
1792 1619 2085 1679 interdum
2112 1629 2305 1680 mutat
2331 1629 2660 1694 accentum,

471 1712 729 1792 facitque
777 1724 843 1774 ut
891 1736 923 1775 e
965 1717 1154 1795 prima
1195 1718 1256 1774 in
1306 1716 1629 1775 secundam
1674 1714 1922 1794 migret;
1995 1735 2142 1775 cum.
2169 1716 2399 1777 scilicet
2434 1715 2664 1796 syllaba

449 1812 664 1870 ‚brevis
690 1823 830 1871 ante
865 1826 1090 1872 mutam
1135 1824 1196 1872 et
1241 1813 1528 1892 liquidam
1579 1812 1957 1891 producitur:
2020 1821 2089 1870 ut
2136 1813 2186 1871 si
2232 1811 2553 1873 secundam
2578 1813 2661 1884 in,

467 1906 758 1980 volucres,
786 1908 1103 1986 producas,
1149 1930 1283 1987 quae
1335 1919 1500 1968 extra
1539 1922 1789 1967 metrum
1820 1920 1881 1967 et
1928 1910 1990 1967 in
2036 1928 2137 1987 ore
2181 1910 2382 1988 populi
2428 1928 2661 1988 semper

470 2003 814 2082 corripitur:
859 2004 966 2063 sed
996 2024 1112 2062 non
1138 2006 1277 2062 licet
1305 2016 1512 2063 contra
1539 2004 1598 2061 in
1630 2004 1945 2081 trisyllabis
1976 2013 2285 2063 accentum
2330 2026 2361 2064 e
2392 2005 2659 2065 secunda

466 2098 527 2157 in
571 2101 814 2176 primam
859 2100 955 2159 vel
999 2100 1227 2161 tertiam
1284 2118 1539 2172 movere,
1592 2099 1965 2178 mediamque
2016 2100 2157 2159 licet
2207 2100 2500 2178 positione
2529 2102 2661 2160 sola

466 2195 706 2273 longam
754 2198 1075 2275 corripere;
1134 2216 1266 2255 cum
1325 2216 1396 2257 eo
1444 2196 1707 2273 legitima
1750 2194 2168 2274 pronuntiandi
2216 2197 2365 2255 ratio
2413 2198 2657 2256 nimium

466 2288 822 2364 immutetur,
871 2311 982 2353 nec
1033 2291 1453 2351 immutationis
1504 2290 1723 2349 idonea
1780 2292 1924 2350 satis
1982 2310 2165 2349 causa
2208 2291 2488 2364 audienti,
2538 2311 2657 2370 quo

465 2386 658 2445 minus
689 2387 1039 2458 offendatur,
1067 2406 1130 2446 se
1160 2386 1457 2446 ostendat.
1529 2386 1642 2444 Est
1666 2385 1903 2463 quidem
1931 2386 2031 2443 ubi
2058 2385 2311 2444 Plautus
2338 2386 2451 2446 hac
2478 2388 2655 2445 etiam

467 2480 704 2541 licentia
731 2484 933 2555 utitur,
961 2483 1068 2543 sed
1098 2484 1331 2561 parcius
1357 2503 1373 2549 ;
1419 2503 1472 2541 e.
1504 2503 1564 2561 g.
1595 2483 1651 2540 vi
1679 2503 1901 2554 eorum,
1932 2503 2067 2559 quae
2096 2492 2305 2560 quarto
2333 2482 2468 2541 loco
2496 2482 2659 2542 dicta

469 2590 626 2649 sunt,
653 2580 941 2658 corripere
981 2580 1121 2639 licet
1170 2577 1494 2639 secundam
1544 2580 1627 2653 in,
1658 2578 1998 2657 voluptatis,
2044 2576 2149 2635 sed
2177 2597 2297 2636 non
2336 2577 2491 2637 idem
2520 2578 2659 2639 licet

465 2672 546 2745 in,
579 2675 871 2753 voluptas,
901 2677 1166 2755 quamvis
1195 2676 1308 2733 hoc
1336 2695 1569 2754 quoque
1601 2696 1635 2733 a
1664 2676 1879 2737 Plauto
1909 2674 2126 2752 saepius
2155 2674 2277 2733 fiat.

552 2770 748 2828 Unum
778 2789 948 2848 porro
971 2771 1326 2830 monendum
1360 2780 1630 2848 superest
1660 2769 1734 2828 de
1764 2769 2239 2847 pronuntiatione
2261 2788 2653 2829 consonarum

464 2863 484 2919 i
514 2876 574 2921 et
599 2885 660 2936 u,
689 2885 822 2941 quae
854 2884 974 2924 non
1011 2876 1132 2924 tam
1164 2865 1310 2925 dure
1355 2864 1670 2923 efferendas
1700 2874 1859 2935 sunt,
1892 2884 1962 2922 ac
1992 2862 2151 2941 apud
2179 2882 2288 2922 nos
2316 2864 2437 2923 fieri
2481 2865 2653 2938 solet,

467 2958 572 3017 sed
604 2957 867 3018 molliore
896 2979 1065 3031 sou0,
1097 2961 1311 3038 quique
1337 2960 1600 3040 proxime
1643 2958 1889 3017 accedat
1940 2957 2016 3015 ad
2045 2956 2208 3015 illum
2236 2977 2354 3036 quo
2394 2977 2655 3034 pronun-

467 3054 677 3113 tiamus
707 3074 746 3133 y
773 3066 834 3113 et
861 3075 948 3123 w:
995 3056 1154 3134 quod
1187 3068 1246 3114 et
1273 3057 1348 3115 ab
1381 3056 1508 3114 aliis
1555 3054 1777 3115 dudum
1807 3056 2179 3113 observatum
2225 3062 2337 3122 est,
2367 3063 2427 3111 et
2454 3073 2653 3113 verum

464 3166 594 3206 esse
641 3148 876 3208 abunde
927 3161 1164 3209 constat
1219 3170 1290 3209 ex
1335 3150 1792 3209 resolutionibus
1838 3149 2195 3227 syllabarum
2242 3167 2375 3225 quae
2419 3148 2494 3206 ab
2525 3148 2652 3208 istis

459 3244 642 3307 literis
690 3245 999 3323 incipiunt,
1041 3266 1176 3324 quae
1221 3266 1523 3324 nunquam
1572 3256 1692 3303 tam
1738 3246 1958 3303 crebroe
2002 3244 2277 3317 fuissent,
2308 3244 2357 3301 si
2406 3244 2651 3304 Veteres

461 3338 658 3401 literas
687 3360 789 3400 eas
818 3340 1026 3400 eodem
1057 3361 1176 3420 quo
1203 3361 1314 3401 nos
1360 3341 1537 3400 modo
1581 3342 2101 3420 pronuntiassent:
2145 3360 2279 3399 cum
2309 3338 2497 3419 majus
2526 3351 2651 3399 tum

462 3435 674 3494 fuisset
713 3437 863 3497 inter
905 3436 1173 3515 ejusdem
1225 3438 1410 3496 literae
1462 3455 1664 3507 sonos,
1686 3431 1697 3451 ”
1716 3437 1928 3514 quibus
1970 3455 2129 3495 nunc
2176 3454 2462 3503 consona,
2490 3455 2649 3495 nunc

463 3530 682 3589 vocalis
724 3530 1042 3602 efferretur,
1099 3532 1434 3603 discrimen,
1483 3550 1661 3609 quam
1714 3530 1875 3610 quod
1924 3551 1998 3590 ex
2055 3529 2241 3589 altera
2289 3530 2345 3588 in
2406 3529 2651 3589 alteram

464 3626 774 3685 transitum
822 3624 996 3685 facile
1037 3628 1160 3705 pati
1202 3626 1523 3706 potuisset:
1589 3644 1644 3685 e.
1669 3646 1727 3703 g.
1786 3626 1955 3697 iuter,
1982 3625 2225 3704 pariete,
2274 3635 2353 3696 et,
2402 3626 2649 3703 par-gite,

450 3719 764 3799 quomodo
794 3738 903 3779 nos
947 3720 1261 3794 efferimus,
1305 3722 1653 3800 pernimium
1682 3721 1959 3787 interest3
2018 3720 2190 3793 inter,
2240 3720 2482 3797 pariete,
2510 3737 2649 3777 vero

461 3829 542 3885 et,
571 3826 832 3897 paryete‚
859 3836 1065 3895 parum
1109 3815 1466 3877 admodum:
1527 3818 1634 3889 sie,
1662 3816 1885 3887 tenuia,
1926 3826 2008 3884 et,
2038 3818 2303 3886 ten-wia,
2346 3813 2503 3873 idem
2531 3815 2649 3873 sere

461 3924 698 3983 sonant,
727 3912 855 3986 sed,
883 3915 1100 3986 tenuia,
1130 3924 1208 3985 et,
1235 3914 1451 3986 tenvia,
1476 3933 1608 3972 cum
1636 3932 1771 3983 vau,
1790 3930 1939 3971 sono
1958 3910 2207 3971 multum
2230 3910 2461 3969 diversa
2486 3921 2646 3970 sunt.

461 4009 658 4087 Atque
682 4010 814 4069 baec
841 4010 1173 4069 observatio
1203 4008 1278 4069 de
1307 4011 1456 4071 veris
1485 4009 1697 4069 harum
1726 4010 2023 4069 literarum
2054 4009 2214 4066 sonis
2244 4016 2338 4065 est
2376 4006 2647 4066 maximae

463 4124 622 4185 saepe
651 4104 950 4165 utilitatis:
992 4124 1025 4163 v
1057 4120 1193 4161 vero
1221 4121 1544 4165 consonam
1574 4106 1659 4165 sic
1709 4102 2067 4183 pronuntiari
2106 4100 2295 4161 solere
2322 4100 2645 4164 clarissime
