<?xml version="1.0" encoding="UTF-8"?>
<!DOCTYPE html PUBLIC "-//W3C//DTD XHTML 1.0 Transitional//EN"
    "http://www.w3.org/TR/xhtml1/DTD/xhtml1-transitional.dtd">
<html xmlns="http://www.w3.org/1999/xhtml" xml:lang="en" lang="en">
 <head>
  <title>
</title>
<meta http-equiv="Content-Type" content="text/html;charset=utf-8" />
  <meta name='ocr-system' content='tesseract 3.04.00' />
  <meta name='ocr-capabilities' content='ocr_page ocr_carea ocr_par ocr_line ocrx_word'/>
</head>
<body>
  <div class='ocr_page' id='page_1' title='image "./comoedisex10westgoog_0246.png"; bbox 0 0 3234 4934; ppageno 0'>
   <div class='ocr_carea' id='block_1_1' title="bbox 613 398 2137 466">
    <p class='ocr_par' dir='ltr' id='par_1_1' title="bbox 613 398 2137 466">
     <span class='ocr_line' id='line_1_1' title="bbox 613 398 2137 466; baseline -0.005 0"><span class='ocrx_word' id='word_1_1' title='bbox 613 398 744 466; x_wconf 76' lang='lat'>238</span> <span class='ocrx_word' id='word_1_2' title='bbox 1281 410 1669 463; x_wconf 58' lang='lat' dir='ltr'>monimus</span> <span class='ocrx_word' id='word_1_3' title='bbox 1716 408 2137 461; x_wconf 71' lang='lat' dir='ltr'>ssu-rnmus</span> 
     </span>
    </p>
   </div>
   <div class='ocr_carea' id='block_1_2' title="bbox 615 553 2797 715">
    <p class='ocr_par' dir='ltr' id='par_1_2' title="bbox 615 553 2797 715">
     <span class='ocr_line' id='line_1_2' title="bbox 618 553 2797 638; baseline -0.002 -20"><span class='ocrx_word' id='word_1_4' title='bbox 618 558 792 618; x_wconf 84' lang='lat' dir='ltr'>Hane</span> <span class='ocrx_word' id='word_1_5' title='bbox 817 576 1062 619; x_wconf 82' lang='lat' dir='ltr'>caesurae</span> <span class='ocrx_word' id='word_1_6' title='bbox 1091 554 1293 619; x_wconf 88' lang='lat' dir='ltr'>sedem</span> <span class='ocrx_word' id='word_1_7' title='bbox 1317 557 1659 638; x_wconf 87' lang='lat' dir='ltr'>plerumque</span> <span class='ocrx_word' id='word_1_8' title='bbox 1685 554 1747 615; x_wconf 88' lang='lat' dir='ltr'>in</span> <span class='ocrx_word' id='word_1_9' title='bbox 1776 553 2048 615; x_wconf 84' lang='lat' dir='ltr'>trimetris</span> <span class='ocrx_word' id='word_1_10' title='bbox 2078 561 2317 615; x_wconf 82' lang='lat' dir='ltr'>servant</span> <span class='ocrx_word' id='word_1_11' title='bbox 2338 553 2531 631; x_wconf 68' lang='lat' dir='ltr'>poetoe</span> <span class='ocrx_word' id='word_1_12' title='bbox 2553 553 2797 614; x_wconf 84' lang='lat' dir='ltr'>comici:</span> 
     </span>
     <span class='ocr_line' id='line_1_3' title="bbox 615 650 966 715; baseline 0 -2"><span class='ocrx_word' id='word_1_13' title='bbox 615 664 684 713; x_wconf 89' lang='lat' dir='ltr'>ut</span> <span class='ocrx_word' id='word_1_14' title='bbox 711 650 966 715; x_wconf 84' lang='lat' dir='ltr'>Noster:</span> 
     </span>
    </p>
   </div>
   <div class='ocr_carea' id='block_1_3' title="bbox 937 773 2461 1049">
    <p class='ocr_par' dir='ltr' id='par_1_3' title="bbox 937 773 2461 1049">
     <span class='ocr_line' id='line_1_4' title="bbox 939 773 2400 856; baseline -0.001 -20"><span class='ocrx_word' id='word_1_15' title='bbox 939 776 1030 837; x_wconf 92' lang='lat' dir='ltr'>Ne</span> <span class='ocrx_word' id='word_1_16' title='bbox 1057 777 1154 838; x_wconf 83' lang='lat' dir='ltr'>cui</span> <span class='ocrx_word' id='word_1_17' title='bbox 1183 777 1260 837; x_wconf 88' lang='lat' dir='ltr'>sit</span> <span class='ocrx_word' id='word_1_18' title='bbox 1287 786 1546 837; x_wconf 85' lang='lat' dir='ltr'>vestrum</span> <span class='ocrx_word' id='word_1_19' title='bbox 1579 774 1593 856; x_wconf 96' lang='grc' dir='ltr'>Ι</span> <span class='ocrx_word' id='word_1_20' title='bbox 1626 773 1859 850; x_wconf 80' lang='lat' dir='ltr'>mirum,</span> <span class='ocrx_word' id='word_1_21' title='bbox 1888 794 2021 835; x_wconf 89' lang='lat' dir='ltr'>cum</span> <span class='ocrx_word' id='word_1_22' title='bbox 2050 773 2247 854; x_wconf 73' lang='lat' dir='ltr'>partes</span> <span class='ocrx_word' id='word_1_23' title='bbox 2271 775 2400 835; x_wconf 88' lang='lat' dir='ltr'>seni</span> 
     </span>
     <span class='ocr_line' id='line_1_5' title="bbox 937 868 2305 953; baseline -0.001 -21"><span class='ocrx_word' id='word_1_24' title='bbox 937 872 1128 933; x_wconf 72' lang='lat' dir='ltr'>Poeta</span> <span class='ocrx_word' id='word_1_25' title='bbox 1153 872 1382 933; x_wconf 82' lang='lat' dir='ltr'><strong>dederit</strong></span> <span class='ocrx_word' id='word_1_26' title='bbox 1415 872 1424 953; x_wconf 87' lang='grc' dir='ltr'>Ι</span> <span class='ocrx_word' id='word_1_27' title='bbox 1459 872 1612 953; x_wconf 69' lang='lat' dir='ltr'>quae</span> <span class='ocrx_word' id='word_1_28' title='bbox 1641 881 1782 931; x_wconf 86' lang='lat' dir='ltr'>sunt</span> <span class='ocrx_word' id='word_1_29' title='bbox 1808 868 2305 931; x_wconf 76' lang='lat' dir='ltr'>adolescentium:</span> 
     </span>
     <span class='ocr_line' id='line_1_6' title="bbox 937 963 2461 1049; baseline -0.001 -22"><span class='ocrx_word' id='word_1_30' title='bbox 937 968 1007 1027; x_wconf 91' lang='lat' dir='ltr'>Id</span> <span class='ocrx_word' id='word_1_31' title='bbox 1034 966 1284 1049; x_wconf 77' lang='lat' dir='ltr'>primum</span> <span class='ocrx_word' id='word_1_32' title='bbox 1313 968 1503 1029; x_wconf 89' lang='lat' dir='ltr'>dicam</span> <span class='ocrx_word' id='word_1_33' title='bbox 1539 966 1552 1048; x_wconf 95' lang='grc' dir='ltr'>Ι</span> <span class='ocrx_word' id='word_1_34' title='bbox 1587 966 1803 1027; x_wconf 80' lang='lat' dir='ltr'>deinde</span> <span class='ocrx_word' id='word_1_35' title='bbox 1830 966 1992 1046; x_wconf 91' lang='lat' dir='ltr'>quod</span> <span class='ocrx_word' id='word_1_36' title='bbox 2018 965 2153 1029; x_wconf 82' lang='lat' dir='ltr'>veni</span> <span class='ocrx_word' id='word_1_37' title='bbox 2180 963 2421 1047; x_wconf 62' lang='lat' dir='ltr'>eloquar</span> <span class='ocrx_word' id='word_1_38' title='bbox 2446 987 2461 1025; x_wconf 76' lang='grc' dir='ltr'>ε</span> 
     </span>
    </p>
   </div>
   <div class='ocr_carea' id='block_1_4' title="bbox 619 1094 1168 1157">
    <p class='ocr_par' dir='ltr' id='par_1_4' title="bbox 619 1094 1168 1157">
     <span class='ocr_line' id='line_1_7' title="bbox 619 1094 1168 1157; baseline -0.005 0"><span class='ocrx_word' id='word_1_39' title='bbox 619 1108 680 1157; x_wconf 87' lang='lat' dir='ltr'>et</span> <span class='ocrx_word' id='word_1_40' title='bbox 707 1094 904 1157; x_wconf 90' lang='lat' dir='ltr'>itidem</span> <span class='ocrx_word' id='word_1_41' title='bbox 935 1096 1168 1155; x_wconf 80' lang='lat' dir='ltr'>Graeci:</span> 
     </span>
    </p>
   </div>
   <div class='ocr_carea' id='block_1_5' title="bbox 939 1205 2264 1383">
    <p class='ocr_par' dir='ltr' id='par_1_5' title="bbox 939 1205 2264 1383">
     <span class='ocr_line' id='line_1_8' title="bbox 939 1205 2264 1285; baseline 0.001 -20"><span class='ocrx_word' id='word_1_42' title='bbox 939 1206 1018 1265; x_wconf 83' lang='grc' dir='ltr'>Οι</span> <span class='ocrx_word' id='word_1_43' title='bbox 1045 1208 1155 1283; x_wconf 77' lang='grc' dir='ltr'>γάρ</span> <span class='ocrx_word' id='word_1_44' title='bbox 1180 1206 1491 1283; x_wconf 73' lang='grc' dir='ltr'>βλεποντεε</span> <span class='ocrx_word' id='word_1_45' title='bbox 1523 1205 1537 1285; x_wconf 92' lang='grc' dir='ltr'>Ι</span> <span class='ocrx_word' id='word_1_46' title='bbox 1570 1209 1681 1267; x_wconf 73' lang='grc' dir='ltr'>τοίς</span> <span class='ocrx_word' id='word_1_47' title='bbox 1708 1209 1927 1285; x_wconf 67' lang='grc' dir='ltr'>τυφλοιε</span> <span class='ocrx_word' id='word_1_48' title='bbox 1955 1208 2264 1285; x_wconf 73' lang='grc' dir='ltr'><strong><em>ηγοῦμεθα,</em></strong></span> 
     </span>
     <span class='ocr_line' id='line_1_9' title="bbox 941 1300 2201 1383; baseline 0.002 -23"><span class='ocrx_word' id='word_1_49' title='bbox 941 1301 1119 1363; x_wconf 73' lang='grc' dir='ltr'>Ουτόι</span> <span class='ocrx_word' id='word_1_50' title='bbox 1147 1302 1202 1363; x_wconf 81' lang='grc' dir='ltr'>δ’</span> <span class='ocrx_word' id='word_1_51' title='bbox 1229 1307 1522 1364; x_wconf 77' lang='grc' dir='ltr'><strong>ακολουθει</strong></span> <span class='ocrx_word' id='word_1_52' title='bbox 1555 1302 1568 1383; x_wconf 98' lang='grc' dir='ltr'>Ι</span> <span class='ocrx_word' id='word_1_53' title='bbox 1603 1304 1743 1381; x_wconf 77' lang='grc' dir='ltr'>κάμε</span> <span class='ocrx_word' id='word_1_54' title='bbox 1769 1300 2201 1379; x_wconf 70' lang='grc' dir='ltr'>προσβιᾶἒεται.</span> 
     </span>
    </p>
   </div>
   <div class='ocr_carea' id='block_1_6' title="bbox 619 1424 2803 1587">
    <p class='ocr_par' dir='ltr' id='par_1_6' title="bbox 619 1424 2803 1587">
     <span class='ocr_line' id='line_1_10' title="bbox 623 1424 2803 1511; baseline -0.002 -19"><span class='ocrx_word' id='word_1_55' title='bbox 623 1434 690 1492; x_wconf 90' lang='lat' dir='ltr'>In</span> <span class='ocrx_word' id='word_1_56' title='bbox 740 1424 1002 1492; x_wconf 85' lang='lat' dir='ltr'>iambicis</span> <span class='ocrx_word' id='word_1_57' title='bbox 1045 1430 1478 1509; x_wconf 82' lang='lat' dir='ltr'>trochaicisque</span> <span class='ocrx_word' id='word_1_58' title='bbox 1519 1429 1869 1490; x_wconf 84' lang='lat' dir='ltr'>tetrametris</span> <span class='ocrx_word' id='word_1_59' title='bbox 1916 1447 2147 1489; x_wconf 77' lang='lat' dir='ltr'>caesura</span> <span class='ocrx_word' id='word_1_60' title='bbox 2193 1428 2539 1509; x_wconf 87' lang='lat' dir='ltr'>plerumque</span> <span class='ocrx_word' id='word_1_61' title='bbox 2575 1428 2643 1489; x_wconf 82' lang='lat' dir='ltr'>fit</span> <span class='ocrx_word' id='word_1_62' title='bbox 2668 1438 2803 1511; x_wconf 87' lang='lat' dir='ltr'>post</span> 
     </span>
     <span class='ocr_line' id='line_1_11' title="bbox 619 1523 1397 1587; baseline -0.005 0"><span class='ocrx_word' id='word_1_63' title='bbox 619 1528 1000 1587; x_wconf 74' lang='lat' dir='ltr'>ditrochaeum</span> <span class='ocrx_word' id='word_1_64' title='bbox 1031 1523 1356 1586; x_wconf 86' lang='lat' dir='ltr'>secundum</span> <span class='ocrx_word' id='word_1_65' title='bbox 1381 1543 1397 1583; x_wconf 74' lang='grc' dir='ltr'><em>τ</em></span> 
     </span>
    </p>
   </div>
   <div class='ocr_carea' id='block_1_7' title="bbox 779 1648 2764 1825">
    <p class='ocr_par' dir='ltr' id='par_1_7' title="bbox 779 1648 2764 1825">
     <span class='ocr_line' id='line_1_12' title="bbox 784 1648 2623 1729; baseline -0.002 -17"><span class='ocrx_word' id='word_1_66' title='bbox 784 1652 1072 1713; x_wconf 79' lang='lat' dir='ltr'>Demissis</span> <span class='ocrx_word' id='word_1_67' title='bbox 1098 1652 1354 1713; x_wconf 85' lang='lat' dir='ltr'>humeris</span> <span class='ocrx_word' id='word_1_68' title='bbox 1381 1650 1513 1728; x_wconf 75' lang='lat' dir='ltr'>esse</span> <span class='ocrx_word' id='word_1_69' title='bbox 1537 1651 1735 1710; x_wconf 77' lang='lat' dir='ltr'>vincto</span> <span class='ocrx_word' id='word_1_70' title='bbox 1768 1648 1782 1729; x_wconf 97' lang='grc' dir='ltr'>Ι</span> <span class='ocrx_word' id='word_1_71' title='bbox 1816 1649 2054 1728; x_wconf 74' lang='lat' dir='ltr'>pectore</span> <span class='ocrx_word' id='word_1_72' title='bbox 2078 1657 2147 1711; x_wconf 89' lang='lat' dir='ltr'>ut</span> <span class='ocrx_word' id='word_1_73' title='bbox 2172 1649 2429 1729; x_wconf 73' lang='lat' dir='ltr'>gracilae</span> <span class='ocrx_word' id='word_1_74' title='bbox 2454 1654 2623 1711; x_wconf 82' lang='lat' dir='ltr'>sient.</span> 
     </span>
     <span class='ocr_line' id='line_1_13' title="bbox 779 1744 2764 1825; baseline 0.001 -22"><span class='ocrx_word' id='word_1_75' title='bbox 779 1746 970 1809; x_wconf 83' lang='lat' dir='ltr'>Video</span> <span class='ocrx_word' id='word_1_76' title='bbox 993 1760 1226 1807; x_wconf 86' lang='lat' dir='ltr'>sentum</span> <span class='ocrx_word' id='word_1_77' title='bbox 1255 1744 1590 1825; x_wconf 73' lang='lat' dir='ltr'>squalidum</span> <span class='ocrx_word' id='word_1_78' title='bbox 1619 1764 1846 1824; x_wconf 76' lang='lat' dir='ltr'>aegrum</span> <span class='ocrx_word' id='word_1_79' title='bbox 1882 1744 1892 1825; x_wconf 95' lang='grc' dir='ltr'>Ι</span> <span class='ocrx_word' id='word_1_80' title='bbox 1926 1744 2141 1824; x_wconf 60' lang='lat' dir='ltr'>pannis</span> <span class='ocrx_word' id='word_1_81' title='bbox 2171 1746 2458 1825; x_wconf 86' lang='lat' dir='ltr'>annisque</span> <span class='ocrx_word' id='word_1_82' title='bbox 2490 1744 2764 1806; x_wconf 77' lang='lat' dir='ltr'>obsitum.</span> 
     </span>
    </p>
   </div>
   <div class='ocr_carea' id='block_1_8' title="bbox 623 1872 2810 2715">
    <p class='ocr_par' dir='ltr' id='par_1_8' title="bbox 623 1872 2810 2223">
     <span class='ocr_line' id='line_1_14' title="bbox 701 1872 2807 1954; baseline -0.001 -20"><span class='ocrx_word' id='word_1_83' title='bbox 701 1874 856 1934; x_wconf 91' lang='lat' dir='ltr'>Illud</span> <span class='ocrx_word' id='word_1_84' title='bbox 883 1884 1078 1935; x_wconf 88' lang='lat' dir='ltr'>autem</span> <span class='ocrx_word' id='word_1_85' title='bbox 1114 1875 1377 1954; x_wconf 82' lang='lat' dir='ltr'>inprimis</span> <span class='ocrx_word' id='word_1_86' title='bbox 1417 1872 1785 1941; x_wconf 73' lang='lat' dir='ltr'>notandum3</span> <span class='ocrx_word' id='word_1_87' title='bbox 1827 1893 1961 1933; x_wconf 87' lang='lat' dir='ltr'>cum</span> <span class='ocrx_word' id='word_1_88' title='bbox 1991 1873 2187 1932; x_wconf 84' lang='lat' dir='ltr'>Graeci</span> <span class='ocrx_word' id='word_1_89' title='bbox 2217 1873 2483 1952; x_wconf 83' lang='lat' dir='ltr'>magistri</span> <span class='ocrx_word' id='word_1_90' title='bbox 2520 1893 2625 1952; x_wconf 90' lang='lat' dir='ltr'>per</span> <span class='ocrx_word' id='word_1_91' title='bbox 2646 1872 2807 1933; x_wconf 76' lang='grc' dir='ltr'>διπο-</span> 
     </span>
     <span class='ocr_line' id='line_1_15' title="bbox 623 1960 2810 2047; baseline -0.001 -18"><span class='ocrx_word' id='word_1_92' title='bbox 623 1969 756 2030; x_wconf 64' lang='lat' dir='ltr'>§inv</span> <span class='ocrx_word' id='word_1_93' title='bbox 781 1971 1072 2030; x_wconf 84' lang='lat' dir='ltr'>trimetros</span> <span class='ocrx_word' id='word_1_94' title='bbox 1099 1970 1324 2029; x_wconf 85' lang='lat' dir='ltr'>iambos</span> <span class='ocrx_word' id='word_1_95' title='bbox 1354 1967 1641 2028; x_wconf 83' lang='lat' dir='ltr'>scandere</span> <span class='ocrx_word' id='word_1_96' title='bbox 1682 1968 1982 2046; x_wconf 86' lang='lat' dir='ltr'>juberent,</span> <span class='ocrx_word' id='word_1_97' title='bbox 2026 1988 2257 2047; x_wconf 88' lang='lat' dir='ltr'>semper</span> <span class='ocrx_word' id='word_1_98' title='bbox 2302 1986 2405 2028; x_wconf 88' lang='lat' dir='ltr'>eos</span> <span class='ocrx_word' id='word_1_99' title='bbox 2448 1960 2810 2027; x_wconf 74' lang='lat' dir='ltr'>intellexisse</span> 
     </span>
     <span class='ocr_line' id='line_1_16' title="bbox 625 2063 2809 2147; baseline -0.001 -22"><span class='ocrx_word' id='word_1_100' title='bbox 625 2066 889 2125; x_wconf 75' lang='grc' dir='ltr'>διποδίαν</span> <span class='ocrx_word' id='word_1_101' title='bbox 917 2066 1220 2147; x_wconf 71' lang='grc' dir='ltr'>ἰαμβικὴνς</span> <span class='ocrx_word' id='word_1_102' title='bbox 1262 2064 1414 2125; x_wconf 87' lang='lat' dir='ltr'>adeo</span> <span class='ocrx_word' id='word_1_103' title='bbox 1438 2074 1506 2124; x_wconf 89' lang='lat' dir='ltr'>ut</span> <span class='ocrx_word' id='word_1_104' title='bbox 1533 2064 1619 2124; x_wconf 87' lang='lat' dir='ltr'>sic</span> <span class='ocrx_word' id='word_1_105' title='bbox 1648 2063 2005 2125; x_wconf 86' lang='lat' dir='ltr'>divideretur</span> <span class='ocrx_word' id='word_1_106' title='bbox 2048 2083 2124 2123; x_wconf 81' lang='lat' dir='ltr'>ex</span> <span class='ocrx_word' id='word_1_107' title='bbox 2164 2082 2367 2124; x_wconf 88' lang='lat' dir='ltr'>eorum</span> <span class='ocrx_word' id='word_1_108' title='bbox 2412 2063 2638 2124; x_wconf 84' lang='lat' dir='ltr'>ratione</span> <span class='ocrx_word' id='word_1_109' title='bbox 2680 2082 2809 2124; x_wconf 80' lang='lat' dir='ltr'>ver-</span> 
     </span>
     <span class='ocr_line' id='line_1_17' title="bbox 624 2162 882 2223; baseline 0.004 -2"><span class='ocrx_word' id='word_1_110' title='bbox 624 2162 843 2223; x_wconf 84' lang='lat' dir='ltr'>siculus</span> <span class='ocrx_word' id='word_1_111' title='bbox 867 2180 882 2222; x_wconf 72' lang='grc' dir='ltr'>ε</span> 
     </span>
    </p>

    <p class='ocr_par' dir='ltr' id='par_1_9' title="bbox 943 2250 2395 2429">
     <span class='ocr_line' id='line_1_18' title="bbox 944 2250 2395 2333; baseline -0.002 -20"><span class='ocrx_word' id='word_1_112' title='bbox 944 2254 1038 2314; x_wconf 88' lang='lat' dir='ltr'>Ne</span> <span class='ocrx_word' id='word_1_113' title='bbox 1065 2252 1162 2315; x_wconf 77' lang='lat' dir='ltr'>cui</span> <span class='ocrx_word' id='word_1_114' title='bbox 1191 2255 1266 2314; x_wconf 85' lang='lat' dir='ltr'>sit</span> <span class='ocrx_word' id='word_1_115' title='bbox 1287 2273 1359 2314; x_wconf 84' lang='lat' dir='ltr'>ve</span> <span class='ocrx_word' id='word_1_116' title='bbox 1393 2252 1406 2333; x_wconf 96' lang='grc' dir='ltr'>Ι</span> <span class='ocrx_word' id='word_1_117' title='bbox 1441 2262 1627 2314; x_wconf 84' lang='lat' dir='ltr'>strum</span> <span class='ocrx_word' id='word_1_118' title='bbox 1652 2250 1885 2324; x_wconf 83' lang='lat' dir='ltr'>mirum,</span> <span class='ocrx_word' id='word_1_119' title='bbox 1909 2269 2015 2311; x_wconf 87' lang='lat' dir='ltr'>cur</span> <span class='ocrx_word' id='word_1_120' title='bbox 2038 2251 2238 2331; x_wconf 65' lang='lat' dir='ltr'>partes</span> <span class='ocrx_word' id='word_1_121' title='bbox 2266 2252 2395 2312; x_wconf 87' lang='lat' dir='ltr'>seni</span> 
     </span>
     <span class='ocr_line' id='line_1_19' title="bbox 943 2345 2348 2429; baseline -0.003 -19"><span class='ocrx_word' id='word_1_122' title='bbox 943 2348 1134 2410; x_wconf 72' lang='lat' dir='ltr'>Poeta</span> <span class='ocrx_word' id='word_1_123' title='bbox 1155 2350 1311 2409; x_wconf 81' lang='lat' dir='ltr'>dede</span> <span class='ocrx_word' id='word_1_124' title='bbox 1345 2348 1358 2429; x_wconf 98' lang='grc' dir='ltr'>Ι</span> <span class='ocrx_word' id='word_1_125' title='bbox 1392 2349 1468 2407; x_wconf 88' lang='lat' dir='ltr'>rit</span> <span class='ocrx_word' id='word_1_126' title='bbox 1493 2345 1647 2426; x_wconf 73' lang='lat' dir='ltr'>quae</span> <span class='ocrx_word' id='word_1_127' title='bbox 1674 2358 1815 2407; x_wconf 87' lang='lat' dir='ltr'>sunt</span> <span class='ocrx_word' id='word_1_128' title='bbox 1842 2345 2303 2407; x_wconf 71' lang='lat' dir='ltr'>adolescentium</span> <span class='ocrx_word' id='word_1_129' title='bbox 2330 2365 2348 2406; x_wconf 71' lang='grc' dir='ltr'><strong><em>ε</em></strong></span> 
     </span>
    </p>

    <p class='ocr_par' dir='ltr' id='par_1_10' title="bbox 941 2438 2489 2715">
     <span class='ocr_line' id='line_1_20' title="bbox 943 2438 2489 2524; baseline -0.003 -19"><span class='ocrx_word' id='word_1_130' title='bbox 943 2444 1015 2505; x_wconf 90' lang='lat' dir='ltr'>Id</span> <span class='ocrx_word' id='word_1_131' title='bbox 1040 2442 1290 2524; x_wconf 76' lang='lat' dir='ltr'>primum</span> <span class='ocrx_word' id='word_1_132' title='bbox 1313 2443 1374 2502; x_wconf 90' lang='lat' dir='ltr'>di</span> <span class='ocrx_word' id='word_1_133' title='bbox 1407 2442 1421 2523; x_wconf 92' lang='grc' dir='ltr'>Ι</span> <span class='ocrx_word' id='word_1_134' title='bbox 1455 2461 1608 2514; x_wconf 88' lang='lat' dir='ltr'>cam,</span> <span class='ocrx_word' id='word_1_135' title='bbox 1638 2438 1854 2501; x_wconf 80' lang='lat' dir='ltr'>deinde</span> <span class='ocrx_word' id='word_1_136' title='bbox 1881 2440 2044 2519; x_wconf 88' lang='lat' dir='ltr'>quod</span> <span class='ocrx_word' id='word_1_137' title='bbox 2064 2440 2196 2501; x_wconf 87' lang='lat' dir='ltr'>veni</span> <span class='ocrx_word' id='word_1_138' title='bbox 2224 2439 2489 2521; x_wconf 71' lang='lat' dir='ltr'>eloquar.</span> 
     </span>
     <span class='ocr_line' id='line_1_21' title="bbox 945 2536 2307 2618; baseline -0.003 -19"><span class='ocrx_word' id='word_1_139' title='bbox 945 2540 1026 2599; x_wconf 83' lang='grc' dir='ltr'>Οι</span> <span class='ocrx_word' id='word_1_140' title='bbox 1055 2540 1165 2615; x_wconf 82' lang='grc' dir='ltr'>γᾶρ</span> <span class='ocrx_word' id='word_1_141' title='bbox 1191 2538 1414 2614; x_wconf 74' lang='grc' dir='ltr'>βλεπον</span> <span class='ocrx_word' id='word_1_142' title='bbox 1447 2537 1460 2618; x_wconf 98' lang='grc' dir='ltr'>Ι</span> <span class='ocrx_word' id='word_1_143' title='bbox 1495 2560 1582 2597; x_wconf 78' lang='lat' dir='ltr'>res</span> <span class='ocrx_word' id='word_1_144' title='bbox 1605 2540 1721 2596; x_wconf 67' lang='grc' dir='ltr'>τοῖς</span> <span class='ocrx_word' id='word_1_145' title='bbox 1744 2540 1965 2616; x_wconf 72' lang='grc' dir='ltr'><strong>τυφλοιε</strong></span> <span class='ocrx_word' id='word_1_146' title='bbox 1992 2536 2307 2615; x_wconf 73' lang='grc' dir='ltr'><strong><em>ηγούμεθα,</em></strong></span> 
     </span>
     <span class='ocr_line' id='line_1_22' title="bbox 941 2631 2246 2715; baseline -0.004 -18"><span class='ocrx_word' id='word_1_147' title='bbox 941 2635 1124 2698; x_wconf 67' lang='lat' dir='ltr'>Oen-6⁸</span> <span class='ocrx_word' id='word_1_148' title='bbox 1148 2634 1198 2695; x_wconf 82' lang='grc' dir='ltr'>δ’</span> <span class='ocrx_word' id='word_1_149' title='bbox 1225 2640 1430 2695; x_wconf 80' lang='grc' dir='ltr'>ακολου</span> <span class='ocrx_word' id='word_1_150' title='bbox 1463 2634 1475 2715; x_wconf 98' lang='grc' dir='ltr'>Ι</span> <span class='ocrx_word' id='word_1_151' title='bbox 1510 2638 1596 2694; x_wconf 75' lang='lat' dir='ltr'>fler</span> <span class='ocrx_word' id='word_1_152' title='bbox 1624 2634 1769 2713; x_wconf 71' lang='grc' dir='ltr'>κάμε</span> <span class='ocrx_word' id='word_1_153' title='bbox 1794 2631 2246 2710; x_wconf 56' lang='lat' dir='ltr'>‘moestitia-ae:</span> 
     </span>
    </p>
   </div>
   <div class='ocr_carea' id='block_1_9' title="bbox 615 2757 2812 3223">
    <p class='ocr_par' dir='ltr' id='par_1_11' title="bbox 615 2757 2812 3223">
     <span class='ocr_line' id='line_1_23' title="bbox 629 2757 2811 2843; baseline -0.002 -19"><span class='ocrx_word' id='word_1_154' title='bbox 629 2762 726 2824; x_wconf 85' lang='lat' dir='ltr'>ubi</span> <span class='ocrx_word' id='word_1_155' title='bbox 770 2763 937 2824; x_wconf 84' lang='lat' dir='ltr'>vides</span> <span class='ocrx_word' id='word_1_156' title='bbox 980 2763 1228 2843; x_wconf 88' lang='lat' dir='ltr'>primam</span> <span class='ocrx_word' id='word_1_157' title='bbox 1271 2762 1570 2843; x_wconf 87' lang='lat' dir='ltr'>dipodiam</span> <span class='ocrx_word' id='word_1_158' title='bbox 1597 2761 1659 2821; x_wconf 89' lang='lat' dir='ltr'>in</span> <span class='ocrx_word' id='word_1_159' title='bbox 1686 2762 1897 2823; x_wconf 89' lang='lat' dir='ltr'>mediis</span> <span class='ocrx_word' id='word_1_160' title='bbox 1924 2764 2229 2822; x_wconf 78' lang='lat' dir='ltr'>verborum</span> <span class='ocrx_word' id='word_1_161' title='bbox 2258 2758 2499 2841; x_wconf 81' lang='lat' dir='ltr'>syllabis</span> <span class='ocrx_word' id='word_1_162' title='bbox 2526 2757 2811 2833; x_wconf 75' lang='lat' dir='ltr'>desinere,</span> 
     </span>
     <span class='ocr_line' id='line_1_24' title="bbox 625 2855 2811 2937; baseline -0.003 -18"><span class='ocrx_word' id='word_1_163' title='bbox 625 2870 930 2937; x_wconf 88' lang='lat' dir='ltr'>totamque</span> <span class='ocrx_word' id='word_1_164' title='bbox 959 2877 1204 2919; x_wconf 83' lang='lat' dir='ltr'>coesurae</span> <span class='ocrx_word' id='word_1_165' title='bbox 1229 2858 1500 2918; x_wconf 80' lang='lat' dir='ltr'>virtutem</span> <span class='ocrx_word' id='word_1_166' title='bbox 1529 2876 1598 2917; x_wconf 87' lang='lat' dir='ltr'>ac</span> <span class='ocrx_word' id='word_1_167' title='bbox 1642 2858 1891 2936; x_wconf 78' lang='lat' dir='ltr'>gratiam</span> <span class='ocrx_word' id='word_1_168' title='bbox 1935 2858 2141 2916; x_wconf 86' lang='lat' dir='ltr'>misere</span> <span class='ocrx_word' id='word_1_169' title='bbox 2180 2856 2389 2933; x_wconf 88' lang='lat' dir='ltr'>perire.</span> <span class='ocrx_word' id='word_1_170' title='bbox 2474 2855 2671 2923; x_wconf 82' lang='lat' dir='ltr'>Quare</span> <span class='ocrx_word' id='word_1_171' title='bbox 2698 2873 2811 2932; x_wconf 87' lang='lat' dir='ltr'>ego</span> 
     </span>
     <span class='ocr_line' id='line_1_25' title="bbox 615 2952 2812 3033; baseline -0.004 -19"><span class='ocrx_word' id='word_1_172' title='bbox 615 2954 743 3033; x_wconf 89' lang='lat' dir='ltr'>jam</span> <span class='ocrx_word' id='word_1_173' title='bbox 772 2955 847 3014; x_wconf 89' lang='lat' dir='ltr'>ab</span> <span class='ocrx_word' id='word_1_174' title='bbox 875 2955 1006 3033; x_wconf 88' lang='lat' dir='ltr'>ipsa</span> <span class='ocrx_word' id='word_1_175' title='bbox 1031 2953 1433 3014; x_wconf 87' lang='lat' dir='ltr'>adolescentia</span> <span class='ocrx_word' id='word_1_176' title='bbox 1457 2954 1519 3012; x_wconf 86' lang='lat' dir='ltr'>in</span> <span class='ocrx_word' id='word_1_177' title='bbox 1548 2954 1821 3013; x_wconf 82' lang='lat' dir='ltr'>omnibus</span> <span class='ocrx_word' id='word_1_178' title='bbox 1862 2952 2127 3013; x_wconf 83' lang='lat' dir='ltr'>iambicis</span> <span class='ocrx_word' id='word_1_179' title='bbox 2171 2960 2383 3029; x_wconf 80' lang='lat' dir='ltr'>praeter</span> <span class='ocrx_word' id='word_1_180' title='bbox 2412 2957 2812 3010; x_wconf 83' lang='lat' dir='ltr'>tetrametrum</span> 
     </span>
     <span class='ocr_line' id='line_1_26' title="bbox 625 3044 2810 3128; baseline -0.005 -19"><span class='ocrx_word' id='word_1_181' title='bbox 625 3049 1059 3119; x_wconf 87' lang='lat' dir='ltr'>catalecticum,</span> <span class='ocrx_word' id='word_1_182' title='bbox 1082 3046 1158 3108; x_wconf 89' lang='lat' dir='ltr'>de</span> <span class='ocrx_word' id='word_1_183' title='bbox 1178 3066 1298 3127; x_wconf 90' lang='lat' dir='ltr'>quo</span> <span class='ocrx_word' id='word_1_184' title='bbox 1323 3056 1530 3128; x_wconf 86' lang='lat' dir='ltr'>postea</span> <span class='ocrx_word' id='word_1_185' title='bbox 1557 3046 1771 3121; x_wconf 87' lang='lat' dir='ltr'>dicam,</span> <span class='ocrx_word' id='word_1_186' title='bbox 1802 3049 1975 3108; x_wconf 81' lang='lat' dir='ltr'>aliam</span> <span class='ocrx_word' id='word_1_187' title='bbox 2000 3047 2141 3107; x_wconf 85' lang='lat' dir='ltr'>mihi</span> <span class='ocrx_word' id='word_1_188' title='bbox 2169 3044 2498 3106; x_wconf 83' lang='lat' dir='ltr'>scansionis</span> <span class='ocrx_word' id='word_1_189' title='bbox 2526 3046 2810 3105; x_wconf 84' lang='lat' dir='ltr'>rationem</span> 
     </span>
     <span class='ocr_line' id='line_1_27' title="bbox 624 3142 2287 3223; baseline 0 -22"><span class='ocrx_word' id='word_1_190' title='bbox 624 3143 874 3219; x_wconf 82' lang='lat' dir='ltr'>institui,</span> <span class='ocrx_word' id='word_1_191' title='bbox 915 3164 1020 3223; x_wconf 89' lang='lat' dir='ltr'>per</span> <span class='ocrx_word' id='word_1_192' title='bbox 1046 3142 1305 3203; x_wconf 76' lang='grc' dir='ltr'>διποδίαν</span> <span class='ocrx_word' id='word_1_193' title='bbox 1330 3145 1553 3203; x_wconf 86' lang='lat' dir='ltr'>scilicet</span> <span class='ocrx_word' id='word_1_194' title='bbox 1578 3149 1897 3223; x_wconf 74' lang='grc' dir='ltr'>τροχιιῖκὴν,</span> <span class='ocrx_word' id='word_1_195' title='bbox 1924 3144 2039 3202; x_wconf 87' lang='lat' dir='ltr'>hoc</span> <span class='ocrx_word' id='word_1_196' title='bbox 2066 3142 2245 3201; x_wconf 91' lang='lat' dir='ltr'>modo</span> <span class='ocrx_word' id='word_1_197' title='bbox 2270 3162 2287 3201; x_wconf 88' lang='lat'><strong>:</strong></span> 
     </span>
    </p>
   </div>
   <div class='ocr_carea' id='block_1_10' title="bbox 947 3266 2411 3349">
    <p class='ocr_par' dir='ltr' id='par_1_12' title="bbox 947 3266 2411 3349">
     <span class='ocr_line' id='line_1_28' title="bbox 947 3266 2411 3349; baseline -0.001 -21"><span class='ocrx_word' id='word_1_198' title='bbox 947 3268 1037 3328; x_wconf 93' lang='lat' dir='ltr'>Po</span> <span class='ocrx_word' id='word_1_199' title='bbox 1072 3266 1083 3349; x_wconf 97' lang='grc' dir='ltr'>Ι</span> <span class='ocrx_word' id='word_1_200' title='bbox 1119 3266 1218 3329; x_wconf 70' lang='lat' dir='ltr'>eta</span> <span class='ocrx_word' id='word_1_201' title='bbox 1245 3267 1472 3327; x_wconf 86' lang='lat' dir='ltr'>dederit</span> <span class='ocrx_word' id='word_1_202' title='bbox 1505 3266 1516 3347; x_wconf 98' lang='grc' dir='ltr'>Ι</span> <span class='ocrx_word' id='word_1_203' title='bbox 1551 3268 1706 3346; x_wconf 72' lang='lat' dir='ltr'>quae</span> <span class='ocrx_word' id='word_1_204' title='bbox 1734 3278 1877 3327; x_wconf 86' lang='lat' dir='ltr'>sunt</span> <span class='ocrx_word' id='word_1_205' title='bbox 1904 3266 2411 3327; x_wconf 76' lang='lat' dir='ltr'>adolescentium:</span> 
     </span>
    </p>
   </div>
   <div class='ocr_carea' id='block_1_11' title="bbox 625 3391 2815 4225">
    <p class='ocr_par' dir='ltr' id='par_1_13' title="bbox 625 3391 2815 4225">
     <span class='ocr_line' id='line_1_29' title="bbox 626 3391 2815 3479; baseline 0.003 -27"><span class='ocrx_word' id='word_1_206' title='bbox 626 3393 815 3473; x_wconf 88' lang='lat' dir='ltr'>primo</span> <span class='ocrx_word' id='word_1_207' title='bbox 858 3392 1156 3472; x_wconf 84' lang='lat' dir='ltr'>semipede</span> <span class='ocrx_word' id='word_1_208' title='bbox 1199 3393 1374 3473; x_wconf 87' lang='lat' dir='ltr'>quasi</span> <span class='ocrx_word' id='word_1_209' title='bbox 1419 3391 1713 3454; x_wconf 90' lang='lat' dir='ltr'>subducto</span> <span class='ocrx_word' id='word_1_210' title='bbox 1742 3405 1804 3454; x_wconf 90' lang='lat' dir='ltr'>et</span> <span class='ocrx_word' id='word_1_211' title='bbox 1829 3394 2052 3465; x_wconf 77' lang='lat' dir='ltr'>abciSO,</span> <span class='ocrx_word' id='word_1_212' title='bbox 2093 3412 2266 3454; x_wconf 85' lang='lat' dir='ltr'>versu</span> <span class='ocrx_word' id='word_1_213' title='bbox 2295 3404 2489 3453; x_wconf 87' lang='lat' dir='ltr'>autem</span> <span class='ocrx_word' id='word_1_214' title='bbox 2519 3394 2581 3454; x_wconf 89' lang='lat' dir='ltr'>in</span> <span class='ocrx_word' id='word_1_215' title='bbox 2608 3396 2815 3479; x_wconf 81' lang='lat' dir='ltr'>dacty-</span> 
     </span>
     <span class='ocr_line' id='line_1_30' title="bbox 625 3486 2813 3567; baseline 0.003 -20"><span class='ocrx_word' id='word_1_216' title='bbox 625 3487 751 3547; x_wconf 88' lang='lat' dir='ltr'>lum</span> <span class='ocrx_word' id='word_1_217' title='bbox 793 3488 887 3547; x_wconf 85' lang='lat' dir='ltr'>vel</span> <span class='ocrx_word' id='word_1_218' title='bbox 933 3486 1214 3547; x_wconf 87' lang='lat' dir='ltr'>creticum</span> <span class='ocrx_word' id='word_1_219' title='bbox 1260 3497 1535 3547; x_wconf 85' lang='lat' dir='ltr'>exeunte.</span> <span class='ocrx_word' id='word_1_220' title='bbox 1618 3489 1683 3547; x_wconf 91' lang='lat' dir='ltr'>Si</span> <span class='ocrx_word' id='word_1_221' title='bbox 1729 3488 1971 3567; x_wconf 90' lang='lat' dir='ltr'>quidem</span> <span class='ocrx_word' id='word_1_222' title='bbox 2016 3489 2135 3548; x_wconf 87' lang='lat' dir='ltr'>ista</span> <span class='ocrx_word' id='word_1_223' title='bbox 2176 3488 2404 3549; x_wconf 78' lang='grc' dir='ltr'>διποδία</span> <span class='ocrx_word' id='word_1_224' title='bbox 2441 3510 2514 3551; x_wconf 85' lang='lat' dir='ltr'>ex</span> <span class='ocrx_word' id='word_1_225' title='bbox 2540 3490 2813 3553; x_wconf 70' lang='lat' dir='ltr'>trochaeis</span> 
     </span>
     <span class='ocr_line' id='line_1_31' title="bbox 629 3581 2812 3662; baseline 0.004 -23"><span class='ocrx_word' id='word_1_226' title='bbox 629 3581 886 3654; x_wconf 87' lang='lat' dir='ltr'>duobus,</span> <span class='ocrx_word' id='word_1_227' title='bbox 926 3582 1018 3642; x_wconf 83' lang='lat' dir='ltr'>vel</span> <span class='ocrx_word' id='word_1_228' title='bbox 1059 3602 1178 3642; x_wconf 89' lang='lat' dir='ltr'>uno</span> <span class='ocrx_word' id='word_1_229' title='bbox 1206 3592 1269 3641; x_wconf 87' lang='lat' dir='ltr'>et</span> <span class='ocrx_word' id='word_1_230' title='bbox 1296 3582 1580 3661; x_wconf 66' lang='lat' dir='ltr'>spondaeo</span> <span class='ocrx_word' id='word_1_231' title='bbox 1607 3584 1732 3642; x_wconf 84' lang='lat' dir='ltr'>sive</span> <span class='ocrx_word' id='word_1_232' title='bbox 1760 3583 1993 3662; x_wconf 85' lang='lat' dir='ltr'>epitrito</span> <span class='ocrx_word' id='word_1_233' title='bbox 2023 3584 2287 3644; x_wconf 82' lang='lat' dir='ltr'>secundo</span> <span class='ocrx_word' id='word_1_234' title='bbox 2309 3594 2611 3657; x_wconf 80' lang='lat' dir='ltr'>constanS,</span> <span class='ocrx_word' id='word_1_235' title='bbox 2650 3607 2812 3647; x_wconf 89' lang='lat' dir='ltr'>com-</span> 
     </span>
     <span class='ocr_line' id='line_1_32' title="bbox 628 3676 2813 3751; baseline 0.002 -15"><span class='ocrx_word' id='word_1_236' title='bbox 628 3676 894 3751; x_wconf 84' lang='lat' dir='ltr'>modare,</span> <span class='ocrx_word' id='word_1_237' title='bbox 937 3676 1327 3749; x_wconf 83' lang='lat' dir='ltr'>commodavi,</span> <span class='ocrx_word' id='word_1_238' title='bbox 1367 3689 1428 3738; x_wconf 88' lang='lat' dir='ltr'>et</span> <span class='ocrx_word' id='word_1_239' title='bbox 1473 3698 1610 3738; x_wconf 87' lang='lat' dir='ltr'>cum</span> <span class='ocrx_word' id='word_1_240' title='bbox 1654 3698 1897 3739; x_wconf 80' lang='lat' dir='ltr'>caesurae</span> <span class='ocrx_word' id='word_1_241' title='bbox 1938 3678 2141 3739; x_wconf 91' lang='lat' dir='ltr'>indole</span> <span class='ocrx_word' id='word_1_242' title='bbox 2168 3682 2482 3749; x_wconf 81' lang='lat' dir='ltr'>convenit;</span> <span class='ocrx_word' id='word_1_243' title='bbox 2526 3694 2589 3740; x_wconf 86' lang='lat' dir='ltr'>et</span> <span class='ocrx_word' id='word_1_244' title='bbox 2610 3702 2813 3743; x_wconf 86' lang='lat' dir='ltr'>verum</span> 
     </span>
     <span class='ocr_line' id='line_1_33' title="bbox 629 3771 2813 3856; baseline 0.003 -25"><span class='ocrx_word' id='word_1_245' title='bbox 629 3772 844 3832; x_wconf 87' lang='lat' dir='ltr'>iambei</span> <span class='ocrx_word' id='word_1_246' title='bbox 868 3771 1200 3851; x_wconf 82' lang='lat' dir='ltr'>rhythmum</span> <span class='ocrx_word' id='word_1_247' title='bbox 1229 3775 1464 3834; x_wconf 85' lang='lat' dir='ltr'>auribus</span> <span class='ocrx_word' id='word_1_248' title='bbox 1492 3776 1794 3843; x_wconf 83' lang='lat' dir='ltr'>insinuat;</span> <span class='ocrx_word' id='word_1_249' title='bbox 1839 3784 1899 3835; x_wconf 90' lang='lat' dir='ltr'>et</span> <span class='ocrx_word' id='word_1_250' title='bbox 1925 3778 2142 3856; x_wconf 80' lang='lat' dir='ltr'>po‘etae,</span> <span class='ocrx_word' id='word_1_251' title='bbox 2184 3775 2325 3836; x_wconf 90' lang='lat' dir='ltr'>dum</span> <span class='ocrx_word' id='word_1_252' title='bbox 2355 3796 2558 3836; x_wconf 85' lang='lat' dir='ltr'>versus</span> <span class='ocrx_word' id='word_1_253' title='bbox 2588 3776 2695 3837; x_wconf 88' lang='lat' dir='ltr'>hos</span> <span class='ocrx_word' id='word_1_254' title='bbox 2726 3780 2813 3837; x_wconf 80' lang='lat' dir='ltr'>sa-</span> 
     </span>
     <span class='ocr_line' id='line_1_34' title="bbox 629 3868 2809 3950; baseline 0.001 -23"><span class='ocrx_word' id='word_1_255' title='bbox 629 3868 905 3940; x_wconf 85' lang='lat' dir='ltr'>bricatur‚</span> <span class='ocrx_word' id='word_1_256' title='bbox 945 3868 1238 3947; x_wconf 82' lang='lat' dir='ltr'>praecipue</span> <span class='ocrx_word' id='word_1_257' title='bbox 1265 3878 1524 3929; x_wconf 85' lang='lat' dir='ltr'>mentem</span> <span class='ocrx_word' id='word_1_258' title='bbox 1567 3881 1859 3950; x_wconf 76' lang='lat' dir='ltr'>occupat:</span> <span class='ocrx_word' id='word_1_259' title='bbox 1903 3882 1985 3944; x_wconf 88' lang='lat' dir='ltr'>et,</span> <span class='ocrx_word' id='word_1_260' title='bbox 2028 3871 2190 3950; x_wconf 86' lang='lat' dir='ltr'>quod</span> <span class='ocrx_word' id='word_1_261' title='bbox 2236 3872 2549 3931; x_wconf 78' lang='lat' dir='ltr'>maximum</span> <span class='ocrx_word' id='word_1_262' title='bbox 2596 3882 2709 3945; x_wconf 89' lang='lat' dir='ltr'>est,</span> <span class='ocrx_word' id='word_1_263' title='bbox 2748 3874 2809 3931; x_wconf 87' lang='lat' dir='ltr'>in</span> 
     </span>
     <span class='ocr_line' id='line_1_35' title="bbox 630 3962 2809 4046; baseline 0.002 -23"><span class='ocrx_word' id='word_1_264' title='bbox 630 3962 792 4023; x_wconf 87' lang='lat' dir='ltr'>omni</span> <span class='ocrx_word' id='word_1_265' title='bbox 833 3962 956 4022; x_wconf 82' lang='lat' dir='ltr'>fere</span> <span class='ocrx_word' id='word_1_266' title='bbox 997 3963 1357 4023; x_wconf 88' lang='lat' dir='ltr'>comicorum</span> <span class='ocrx_word' id='word_1_267' title='bbox 1400 3976 1715 4025; x_wconf 86' lang='lat' dir='ltr'>metrorum</span> <span class='ocrx_word' id='word_1_268' title='bbox 1755 3984 1971 4044; x_wconf 86' lang='lat' dir='ltr'>genere</span> <span class='ocrx_word' id='word_1_269' title='bbox 1998 3966 2386 4046; x_wconf 86' lang='lat' dir='ltr'>principatum</span> <span class='ocrx_word' id='word_1_270' title='bbox 2414 3968 2669 4035; x_wconf 86' lang='lat' dir='ltr'>obtinet;</span> <span class='ocrx_word' id='word_1_271' title='bbox 2713 3988 2809 4027; x_wconf 87' lang='lat' dir='ltr'>ve-</span> 
     </span>
     <span class='ocr_line' id='line_1_36' title="bbox 632 4058 2809 4142; baseline 0.003 -27"><span class='ocrx_word' id='word_1_272' title='bbox 632 4076 876 4136; x_wconf 86' lang='lat' dir='ltr'>ramque</span> <span class='ocrx_word' id='word_1_273' title='bbox 901 4076 1164 4127; x_wconf 84' lang='lat' dir='ltr'>causam,</span> <span class='ocrx_word' id='word_1_274' title='bbox 1203 4077 1308 4118; x_wconf 86' lang='lat' dir='ltr'>cur</span> <span class='ocrx_word' id='word_1_275' title='bbox 1343 4058 1404 4117; x_wconf 89' lang='lat' dir='ltr'>in</span> <span class='ocrx_word' id='word_1_276' title='bbox 1449 4078 1569 4120; x_wconf 86' lang='lat' dir='ltr'>una</span> <span class='ocrx_word' id='word_1_277' title='bbox 1611 4060 1917 4122; x_wconf 86' lang='lat' dir='ltr'>Comoedia</span> <span class='ocrx_word' id='word_1_278' title='bbox 1960 4070 2047 4123; x_wconf 89' lang='lat' dir='ltr'>tot</span> <span class='ocrx_word' id='word_1_279' title='bbox 2086 4066 2359 4123; x_wconf 59' lang='lat' dir='ltr'>versuum</span> <span class='ocrx_word' id='word_1_280' title='bbox 2388 4062 2617 4142; x_wconf 86' lang='lat' dir='ltr'>species</span> <span class='ocrx_word' id='word_1_281' title='bbox 2644 4062 2809 4123; x_wconf 83' lang='lat' dir='ltr'>adhi-</span> 
     </span>
     <span class='ocr_line' id='line_1_37' title="bbox 632 4152 1474 4225; baseline 0.01 -15"><span class='ocrx_word' id='word_1_282' title='bbox 632 4152 903 4225; x_wconf 85' lang='lat' dir='ltr'>beantur,</span> <span class='ocrx_word' id='word_1_283' title='bbox 942 4154 1070 4216; x_wconf 81' lang='lat' dir='ltr'>sola</span> <span class='ocrx_word' id='word_1_284' title='bbox 1095 4153 1474 4218; x_wconf 84' lang='lat' dir='ltr'>demonstrat.</span> 
     </span>
    </p>
   </div>
   <div class='ocr_carea' id='block_1_12' title="bbox 3207 734 3211 1293">
    <p class='ocr_par' dir='ltr' id='par_1_14' title="bbox 3207 734 3211 1293">
     <span class='ocr_line' id='line_1_38' title="bbox 3207 734 3211 1293; baseline 0 0"><span class='ocrx_word' id='word_1_285' title='bbox 3207 734 3211 1293; x_wconf 95' lang='lat' dir='ltr'> </span> 
     </span>
    </p>
   </div>
   <div class='ocr_carea' id='block_1_13' title="bbox 3208 3404 3212 4053">
    <p class='ocr_par' dir='ltr' id='par_1_15' title="bbox 3208 3404 3212 4053">
     <span class='ocr_line' id='line_1_39' title="bbox 3208 3404 3212 4053; baseline 0 0"><span class='ocrx_word' id='word_1_286' title='bbox 3208 3404 3212 4053; x_wconf 95' lang='lat' dir='ltr'> </span> 
     </span>
    </p>
   </div>
  </div>
 </body>
</html>
