<?xml version="1.0" encoding="UTF-8"?>
<!DOCTYPE html PUBLIC "-//W3C//DTD XHTML 1.0 Transitional//EN"
    "http://www.w3.org/TR/xhtml1/DTD/xhtml1-transitional.dtd">
<html xmlns="http://www.w3.org/1999/xhtml" xml:lang="en" lang="en">
 <head>
  <title>
</title>
<meta http-equiv="Content-Type" content="text/html;charset=utf-8" />
  <meta name='ocr-system' content='tesseract 3.04.00' />
  <meta name='ocr-capabilities' content='ocr_page ocr_carea ocr_par ocr_line ocrx_word'/>
</head>
<body>
  <div class='ocr_page' id='page_1' title='image "./comoedisex10westgoog_0087.png"; bbox 0 0 3234 4934; ppageno 0'>
   <div class='ocr_carea' id='block_1_1' title="bbox 1249 415 2603 491">
    <p class='ocr_par' dir='ltr' id='par_1_1' title="bbox 1249 415 2603 491">
     <span class='ocr_line' id='line_1_1' title="bbox 1249 415 2603 491; baseline 0.004 -15"><span class='ocrx_word' id='word_1_1' title='bbox 1249 429 1346 476; x_wconf 75' lang='lat' dir='ltr'>na</span> <span class='ocrx_word' id='word_1_2' title='bbox 1389 429 1773 491; x_wconf 61' lang='lat' dir='ltr'>ramme.</span> <span class='ocrx_word' id='word_1_3' title='bbox 2514 415 2603 481; x_wconf 75' lang='lat'>‘7⁷</span> 
     </span>
    </p>
   </div>
   <div class='ocr_carea' id='block_1_2' title="bbox 407 565 2627 3142">
    <p class='ocr_par' dir='ltr' id='par_1_2' title="bbox 407 565 2627 3142">
     <span class='ocr_line' id='line_1_2' title="bbox 411 565 2605 650; baseline 0.004 -24"><span class='ocrx_word' id='word_1_4' title='bbox 411 565 564 627; x_wconf 87' lang='lat' dir='ltr'>inter</span> <span class='ocrx_word' id='word_1_5' title='bbox 589 585 655 627; x_wconf 84' lang='lat' dir='ltr'>se</span> <span class='ocrx_word' id='word_1_6' title='bbox 684 566 1023 641; x_wconf 84' lang='lat' dir='ltr'>dissimiles,</span> <span class='ocrx_word' id='word_1_7' title='bbox 1049 568 1386 650; x_wconf 72' lang='lat' dir='ltr'>disparique</span> <span class='ocrx_word' id='word_1_8' title='bbox 1415 574 1681 631; x_wconf 86' lang='lat' dir='ltr'>ratione:</span> <span class='ocrx_word' id='word_1_9' title='bbox 1719 569 1965 650; x_wconf 59' lang='lat' dir='ltr'>tragicus¹</span> <span class='ocrx_word' id='word_1_10' title='bbox 2008 570 2165 630; x_wconf 83' lang='lat' dir='ltr'>enim</span> <span class='ocrx_word' id='word_1_11' title='bbox 2203 567 2605 634; x_wconf 79' lang='lat' dir='ltr'>deformantur</span> 
     </span>
     <span class='ocr_line' id='line_1_3' title="bbox 411 662 2605 746; baseline 0.003 -22"><span class='ocrx_word' id='word_1_12' title='bbox 411 662 726 737; x_wconf 85' lang='lat' dir='ltr'>columnis,</span> <span class='ocrx_word' id='word_1_13' title='bbox 755 665 1032 746; x_wconf 81' lang='lat' dir='ltr'>fastigiis,</span> <span class='ocrx_word' id='word_1_14' title='bbox 1059 675 1122 724; x_wconf 90' lang='lat' dir='ltr'>et</span> <span class='ocrx_word' id='word_1_15' title='bbox 1147 665 1355 744; x_wconf 83' lang='lat' dir='ltr'>signis,</span> <span class='ocrx_word' id='word_1_16' title='bbox 1381 665 1739 745; x_wconf 84' lang='lat' dir='ltr'>reliquisque</span> <span class='ocrx_word' id='word_1_17' title='bbox 1764 666 2061 745; x_wconf 83' lang='lat' dir='ltr'>regalibus</span> <span class='ocrx_word' id='word_1_18' title='bbox 2084 667 2280 727; x_wconf 87' lang='lat' dir='ltr'>rebus.</span> <span class='ocrx_word' id='word_1_19' title='bbox 2342 668 2605 730; x_wconf 73' lang='lat' dir='ltr'>Comicoe</span> 
     </span>
     <span class='ocr_line' id='line_1_4' title="bbox 410 762 2605 843; baseline 0.003 -24"><span class='ocrx_word' id='word_1_20' title='bbox 410 769 608 820; x_wconf 82' lang='lat' dir='ltr'>autem</span> <span class='ocrx_word' id='word_1_21' title='bbox 657 762 1037 824; x_wconf 62' lang='lat' dir='ltr'>aedificiorum</span> <span class='ocrx_word' id='word_1_22' title='bbox 1085 762 1444 842; x_wconf 81' lang='lat' dir='ltr'>privatorum</span> <span class='ocrx_word' id='word_1_23' title='bbox 1489 774 1552 822; x_wconf 89' lang='lat' dir='ltr'>et</span> <span class='ocrx_word' id='word_1_24' title='bbox 1599 764 2003 823; x_wconf 81' lang='lat' dir='ltr'>menianorum</span> <span class='ocrx_word' id='word_1_25' title='bbox 2048 763 2271 823; x_wconf 85' lang='lat' dir='ltr'>babent</span> <span class='ocrx_word' id='word_1_26' title='bbox 2324 765 2605 843; x_wconf 84' lang='lat' dir='ltr'>speciem,</span> 
     </span>
     <span class='ocr_line' id='line_1_5' title="bbox 409 859 2606 940; baseline 0.003 -25"><span class='ocrx_word' id='word_1_27' title='bbox 409 866 876 940; x_wconf 76' lang='lat' dir='ltr'>prospectusque</span> <span class='ocrx_word' id='word_1_28' title='bbox 929 859 1198 919; x_wconf 72' lang='lat' dir='ltr'><strong>fenestris</strong></span> <span class='ocrx_word' id='word_1_29' title='bbox 1250 859 1590 937; x_wconf 82' lang='lat' dir='ltr'>dispositos,</span> <span class='ocrx_word' id='word_1_30' title='bbox 1638 859 1715 916; x_wconf 81' lang='lat' dir='ltr'>ad</span> <span class='ocrx_word' id='word_1_31' title='bbox 1771 859 2153 919; x_wconf 85' lang='lat' dir='ltr'>imitationem</span> <span class='ocrx_word' id='word_1_32' title='bbox 2210 864 2606 922; x_wconf 88' lang='lat' dir='ltr'>communium</span> 
     </span>
     <span class='ocr_line' id='line_1_6' title="bbox 411 952 2608 1036; baseline 0.002 -24"><span class='ocrx_word' id='word_1_33' title='bbox 411 952 811 1016; x_wconf 68' lang='lat' dir='ltr'>aedificiorum.</span> <span class='ocrx_word' id='word_1_34' title='bbox 896 956 1164 1016; x_wconf 82' lang='lat' dir='ltr'>Satiricsa</span> <span class='ocrx_word' id='word_1_35' title='bbox 1193 975 1330 1016; x_wconf 80' lang='lat' dir='ltr'>vero</span> <span class='ocrx_word' id='word_1_36' title='bbox 1359 967 1645 1016; x_wconf 84' lang='lat' dir='ltr'>ornantur</span> <span class='ocrx_word' id='word_1_37' title='bbox 1672 956 2003 1028; x_wconf 82' lang='lat' dir='ltr'>arboribus,</span> <span class='ocrx_word' id='word_1_38' title='bbox 2034 956 2355 1036; x_wconf 74' lang='lat' dir='ltr'><strong>speluncis,</strong></span> <span class='ocrx_word' id='word_1_39' title='bbox 2392 972 2608 1018; x_wconf 78' lang='lat' dir='ltr'>monti-</span> 
     </span>
     <span class='ocr_line' id='line_1_7' title="bbox 407 1049 2607 1132; baseline 0.002 -22"><span class='ocrx_word' id='word_1_40' title='bbox 407 1051 543 1121; x_wconf 87' lang='lat' dir='ltr'>bus,</span> <span class='ocrx_word' id='word_1_41' title='bbox 575 1049 934 1131; x_wconf 69' lang='lat' dir='ltr'>reliquisque</span> <span class='ocrx_word' id='word_1_42' title='bbox 961 1053 1293 1129; x_wconf 72' lang='lat' dir='ltr'><strong>agrestibus</strong></span> <span class='ocrx_word' id='word_1_43' title='bbox 1335 1053 1533 1122; x_wconf 86' lang='lat' dir='ltr'>rebus,</span> <span class='ocrx_word' id='word_1_44' title='bbox 1563 1051 1623 1109; x_wconf 89' lang='lat' dir='ltr'>in</span> <span class='ocrx_word' id='word_1_45' title='bbox 1654 1051 1879 1131; x_wconf 86' lang='lat' dir='ltr'>topiarii</span> <span class='ocrx_word' id='word_1_46' title='bbox 1900 1051 2094 1132; x_wconf 87' lang='lat' dir='ltr'>operis</span> <span class='ocrx_word' id='word_1_47' title='bbox 2124 1053 2381 1132; x_wconf 82' lang='lat' dir='ltr'>speciem</span> <span class='ocrx_word' id='word_1_48' title='bbox 2410 1053 2607 1114; x_wconf 81' lang='lat' dir='ltr'>defor-</span> 
     </span>
     <span class='ocr_line' id='line_1_8' title="bbox 411 1146 2607 1227; baseline 0.003 -23"><span class='ocrx_word' id='word_1_49' title='bbox 411 1146 604 1206; x_wconf 87' lang='lat' dir='ltr'>matis.</span> <span class='ocrx_word' id='word_1_50' title='bbox 690 1147 836 1208; x_wconf 88' lang='lat' dir='ltr'>Post</span> <span class='ocrx_word' id='word_1_51' title='bbox 881 1167 1121 1208; x_wconf 87' lang='lat' dir='ltr'>scenam</span> <span class='ocrx_word' id='word_1_52' title='bbox 1163 1148 1433 1208; x_wconf 77' lang='lat' dir='ltr'><strong>Porticus</strong></span> <span class='ocrx_word' id='word_1_53' title='bbox 1463 1158 1633 1206; x_wconf 86' lang='lat' dir='ltr'>erant</span> <span class='ocrx_word' id='word_1_54' title='bbox 1660 1157 2039 1218; x_wconf 65' lang='lat' dir='ltr'>constructae,</span> <span class='ocrx_word' id='word_1_55' title='bbox 2080 1167 2197 1227; x_wconf 87' lang='lat' dir='ltr'>quo</span> <span class='ocrx_word' id='word_1_56' title='bbox 2226 1168 2361 1210; x_wconf 88' lang='lat' dir='ltr'>cum</span> <span class='ocrx_word' id='word_1_57' title='bbox 2390 1150 2607 1210; x_wconf 81' lang='lat' dir='ltr'><strong>imbres</strong></span> 
     </span>
     <span class='ocr_line' id='line_1_9' title="bbox 409 1243 2610 1329; baseline 0.003 -30"><span class='ocrx_word' id='word_1_58' title='bbox 409 1243 698 1320; x_wconf 78' lang='lat' dir='ltr'>repentini</span> <span class='ocrx_word' id='word_1_59' title='bbox 729 1243 928 1304; x_wconf 84' lang='lat' dir='ltr'>Ludos</span> <span class='ocrx_word' id='word_1_60' title='bbox 957 1243 1495 1322; x_wconf 66' lang='lat' dir='ltr'>interpellaverunt,</span> <span class='ocrx_word' id='word_1_61' title='bbox 1525 1255 1757 1302; x_wconf 87' lang='lat' dir='ltr'>actores</span> <span class='ocrx_word' id='word_1_62' title='bbox 1786 1261 1849 1302; x_wconf 84' lang='lat' dir='ltr'>se</span> <span class='ocrx_word' id='word_1_63' title='bbox 1872 1243 2230 1321; x_wconf 78' lang='lat' dir='ltr'>recipiebant</span> <span class='ocrx_word' id='word_1_64' title='bbox 2258 1264 2331 1304; x_wconf 80' lang='lat' dir='ltr'>ex</span> <span class='ocrx_word' id='word_1_65' title='bbox 2359 1246 2610 1329; x_wconf 78' lang='lat' dir='ltr'>pulpito,</span> 
     </span>
     <span class='ocr_line' id='line_1_10' title="bbox 411 1339 2613 1420; baseline 0.004 -24"><span class='ocrx_word' id='word_1_66' title='bbox 411 1346 515 1398; x_wconf 86' lang='lat' dir='ltr'>aut</span> <span class='ocrx_word' id='word_1_67' title='bbox 541 1339 601 1398; x_wconf 91' lang='lat' dir='ltr'>in</span> <span class='ocrx_word' id='word_1_68' title='bbox 630 1342 846 1420; x_wconf 87' lang='lat' dir='ltr'>quibus</span> <span class='ocrx_word' id='word_1_69' title='bbox 875 1343 1124 1402; x_wconf 79' lang='lat' dir='ltr'>vestium</span> <span class='ocrx_word' id='word_1_70' title='bbox 1173 1339 1667 1400; x_wconf 80' lang='lat' dir='ltr'>commutationes</span> <span class='ocrx_word' id='word_1_71' title='bbox 1718 1347 1779 1399; x_wconf 88' lang='lat' dir='ltr'>et</span> <span class='ocrx_word' id='word_1_72' title='bbox 1830 1359 2215 1418; x_wconf 85' lang='lat' dir='ltr'>personarum</span> <span class='ocrx_word' id='word_1_73' title='bbox 2264 1341 2613 1404; x_wconf 86' lang='lat' dir='ltr'>indumenta</span> 
     </span>
     <span class='ocr_line' id='line_1_11' title="bbox 411 1434 2610 1517; baseline 0.003 -23"><span class='ocrx_word' id='word_1_74' title='bbox 411 1434 902 1498; x_wconf 79' lang='lat' dir='ltr'>adservabantur.</span> <span class='ocrx_word' id='word_1_75' title='bbox 985 1439 1180 1517; x_wconf 87' lang='lat' dir='ltr'>Ipsam</span> <span class='ocrx_word' id='word_1_76' title='bbox 1237 1447 1434 1498; x_wconf 83' lang='lat' dir='ltr'>autem</span> <span class='ocrx_word' id='word_1_77' title='bbox 1483 1455 1869 1516; x_wconf 86' lang='lat' dir='ltr'>personarum</span> <span class='ocrx_word' id='word_1_78' title='bbox 1916 1438 2499 1515; x_wconf 57' lang='lat' dir='ltr'>repraesentationem</span> <span class='ocrx_word' id='word_1_79' title='bbox 2548 1442 2610 1500; x_wconf 88' lang='lat' dir='ltr'>in</span> 
     </span>
     <span class='ocr_line' id='line_1_12' title="bbox 411 1531 2612 1614; baseline 0.003 -24"><span class='ocrx_word' id='word_1_80' title='bbox 411 1549 614 1604; x_wconf 81' lang='lat' dir='ltr'>scena,</span> <span class='ocrx_word' id='word_1_81' title='bbox 645 1545 824 1612; x_wconf 88' lang='lat' dir='ltr'>atque</span> <span class='ocrx_word' id='word_1_82' title='bbox 861 1534 1014 1594; x_wconf 87' lang='lat' dir='ltr'>adeo</span> <span class='ocrx_word' id='word_1_83' title='bbox 1039 1533 1526 1614; x_wconf 83' lang='lat' dir='ltr'>compositionem</span> <span class='ocrx_word' id='word_1_84' title='bbox 1560 1532 1907 1605; x_wconf 82' lang='lat' dir='ltr'>Comoediae,</span> <span class='ocrx_word' id='word_1_85' title='bbox 1956 1531 2153 1592; x_wconf 77' lang='lat' dir='ltr'>Groeei</span> <span class='ocrx_word' id='word_1_86' title='bbox 2184 1533 2407 1594; x_wconf 89' lang='lat' dir='ltr'>Drama</span> <span class='ocrx_word' id='word_1_87' title='bbox 2434 1555 2612 1597; x_wconf 79' lang='lat' dir='ltr'>voca-</span> 
     </span>
     <span class='ocr_line' id='line_1_13' title="bbox 413 1629 2613 1712; baseline 0.005 -30"><span class='ocrx_word' id='word_1_88' title='bbox 413 1639 574 1689; x_wconf 81' lang='lat' dir='ltr'>runt.</span> <span class='ocrx_word' id='word_1_89' title='bbox 656 1629 772 1690; x_wconf 87' lang='lat' dir='ltr'>Sed</span> <span class='ocrx_word' id='word_1_90' title='bbox 803 1641 864 1692; x_wconf 89' lang='lat' dir='ltr'>et</span> <span class='ocrx_word' id='word_1_91' title='bbox 893 1651 1134 1692; x_wconf 82' lang='lat' dir='ltr'>scenam</span> <span class='ocrx_word' id='word_1_92' title='bbox 1161 1642 1378 1692; x_wconf 85' lang='lat' dir='ltr'>vocant</span> <span class='ocrx_word' id='word_1_93' title='bbox 1407 1631 1655 1703; x_wconf 87' lang='lat' dir='ltr'>Comici,</span> <span class='ocrx_word' id='word_1_94' title='bbox 1685 1630 1968 1709; x_wconf 88' lang='lat' dir='ltr'>quicquid</span> <span class='ocrx_word' id='word_1_95' title='bbox 2020 1629 2157 1690; x_wconf 82' lang='lat' dir='ltr'>duae</span> <span class='ocrx_word' id='word_1_96' title='bbox 2195 1641 2299 1690; x_wconf 84' lang='lat' dir='ltr'>aut</span> <span class='ocrx_word' id='word_1_97' title='bbox 2324 1641 2449 1692; x_wconf 84' lang='lat' dir='ltr'>tres</span> <span class='ocrx_word' id='word_1_98' title='bbox 2476 1651 2613 1712; x_wconf 88' lang='lat' dir='ltr'>per-</span> 
     </span>
     <span class='ocr_line' id='line_1_14' title="bbox 415 1725 2612 1808; baseline 0.001 -22"><span class='ocrx_word' id='word_1_99' title='bbox 415 1747 580 1790; x_wconf 81' lang='lat' dir='ltr'>sonae</span> <span class='ocrx_word' id='word_1_100' title='bbox 608 1732 896 1788; x_wconf 85' lang='lat' dir='ltr'>sermonis</span> <span class='ocrx_word' id='word_1_101' title='bbox 926 1728 1138 1808; x_wconf 81' lang='lat' dir='ltr'>integri</span> <span class='ocrx_word' id='word_1_102' title='bbox 1166 1739 1228 1787; x_wconf 92' lang='lat' dir='ltr'>et</span> <span class='ocrx_word' id='word_1_103' title='bbox 1254 1728 1508 1788; x_wconf 87' lang='lat' dir='ltr'>absoluti</span> <span class='ocrx_word' id='word_1_104' title='bbox 1533 1727 1975 1805; x_wconf 84' lang='lat' dir='ltr'>colloquuntur,</span> <span class='ocrx_word' id='word_1_105' title='bbox 2004 1725 2241 1805; x_wconf 89' lang='lat' dir='ltr'>illicque</span> <span class='ocrx_word' id='word_1_106' title='bbox 2262 1726 2391 1787; x_wconf 81' lang='lat' dir='ltr'>finit</span> <span class='ocrx_word' id='word_1_107' title='bbox 2412 1747 2612 1804; x_wconf 87' lang='lat' dir='ltr'>scena,</span> 
     </span>
     <span class='ocr_line' id='line_1_15' title="bbox 413 1821 2614 1904; baseline 0 -20"><span class='ocrx_word' id='word_1_108' title='bbox 413 1826 512 1884; x_wconf 84' lang='lat' dir='ltr'>ubi</span> <span class='ocrx_word' id='word_1_109' title='bbox 543 1836 647 1885; x_wconf 94' lang='lat' dir='ltr'>aut</span> <span class='ocrx_word' id='word_1_110' title='bbox 677 1825 876 1904; x_wconf 85' lang='lat' dir='ltr'>aliqua</span> <span class='ocrx_word' id='word_1_111' title='bbox 901 1843 1161 1903; x_wconf 87' lang='lat' dir='ltr'>persona</span> <span class='ocrx_word' id='word_1_112' title='bbox 1199 1822 1635 1903; x_wconf 84' lang='lat' dir='ltr'>introgreditur‚</span> <span class='ocrx_word' id='word_1_113' title='bbox 1665 1832 1771 1881; x_wconf 88' lang='lat' dir='ltr'>aut</span> <span class='ocrx_word' id='word_1_114' title='bbox 1797 1821 1913 1882; x_wconf 88' lang='lat' dir='ltr'>alia</span> <span class='ocrx_word' id='word_1_115' title='bbox 1942 1821 2020 1880; x_wconf 87' lang='lat' dir='ltr'>ad</span> <span class='ocrx_word' id='word_1_116' title='bbox 2065 1821 2277 1896; x_wconf 82' lang='lat' dir='ltr'>forum,</span> <span class='ocrx_word' id='word_1_117' title='bbox 2322 1833 2429 1884; x_wconf 87' lang='lat' dir='ltr'>aut</span> <span class='ocrx_word' id='word_1_118' title='bbox 2476 1825 2614 1885; x_wconf 83' lang='lat' dir='ltr'>alibi</span> 
     </span>
     <span class='ocr_line' id='line_1_16' title="bbox 415 1919 2615 1998; baseline -0.001 -16"><span class='ocrx_word' id='word_1_119' title='bbox 415 1920 494 1982; x_wconf 78' lang='lat' dir='ltr'>ad</span> <span class='ocrx_word' id='word_1_120' title='bbox 521 1921 773 1982; x_wconf 79' lang='lat' dir='ltr'>vicinam</span> <span class='ocrx_word' id='word_1_121' title='bbox 799 1921 999 1982; x_wconf 88' lang='lat' dir='ltr'>currit.</span> <span class='ocrx_word' id='word_1_122' title='bbox 1083 1922 1272 1980; x_wconf 89' lang='lat' dir='ltr'>Actus</span> <span class='ocrx_word' id='word_1_123' title='bbox 1317 1929 1514 1978; x_wconf 88' lang='lat' dir='ltr'>autem</span> <span class='ocrx_word' id='word_1_124' title='bbox 1559 1919 1759 1997; x_wconf 87' lang='lat' dir='ltr'>plures</span> <span class='ocrx_word' id='word_1_125' title='bbox 1799 1935 2011 1977; x_wconf 88' lang='lat' dir='ltr'>scenas</span> <span class='ocrx_word' id='word_1_126' title='bbox 2056 1919 2615 1998; x_wconf 73' lang='lat' dir='ltr'>comprehendebat.</span> 
     </span>
     <span class='ocr_line' id='line_1_17' title="bbox 419 2012 2614 2096; baseline -0.001 -20"><span class='ocrx_word' id='word_1_127' title='bbox 419 2017 645 2096; x_wconf 87' lang='lat' dir='ltr'>Estque</span> <span class='ocrx_word' id='word_1_128' title='bbox 674 2019 731 2076; x_wconf 92' lang='lat' dir='ltr'>in</span> <span class='ocrx_word' id='word_1_129' title='bbox 783 2017 1089 2076; x_wconf 86' lang='lat' dir='ltr'>Comoedia</span> <span class='ocrx_word' id='word_1_130' title='bbox 1129 2037 1265 2096; x_wconf 84' lang='lat' dir='ltr'>pars</span> <span class='ocrx_word' id='word_1_131' title='bbox 1295 2014 1735 2094; x_wconf 87' lang='lat' dir='ltr'>quodammodo</span> <span class='ocrx_word' id='word_1_132' title='bbox 1784 2012 2059 2072; x_wconf 84' lang='lat' dir='ltr'>absoluta</span> <span class='ocrx_word' id='word_1_133' title='bbox 2094 2023 2155 2072; x_wconf 84' lang='lat' dir='ltr'>ct</span> <span class='ocrx_word' id='word_1_134' title='bbox 2181 2015 2433 2093; x_wconf 80' lang='lat' dir='ltr'>integra,</span> <span class='ocrx_word' id='word_1_135' title='bbox 2464 2036 2614 2074; x_wconf 88' lang='lat' dir='ltr'>non-</span> 
     </span>
     <span class='ocr_line' id='line_1_18' title="bbox 420 2108 2619 2190; baseline -0.001 -16"><span class='ocrx_word' id='word_1_136' title='bbox 420 2113 560 2174; x_wconf 89' lang='lat' dir='ltr'>dum</span> <span class='ocrx_word' id='word_1_137' title='bbox 591 2124 788 2172; x_wconf 85' lang='lat' dir='ltr'>tamen</span> <span class='ocrx_word' id='word_1_138' title='bbox 817 2132 938 2172; x_wconf 89' lang='lat' dir='ltr'>rem</span> <span class='ocrx_word' id='word_1_139' title='bbox 967 2131 1198 2172; x_wconf 85' lang='lat' dir='ltr'>omnem</span> <span class='ocrx_word' id='word_1_140' title='bbox 1227 2112 1476 2172; x_wconf 82' lang='lat' dir='ltr'>finiens:</span> <span class='ocrx_word' id='word_1_141' title='bbox 1519 2110 1627 2170; x_wconf 89' lang='lat' dir='ltr'>sed</span> <span class='ocrx_word' id='word_1_142' title='bbox 1652 2111 1737 2170; x_wconf 87' lang='lat' dir='ltr'>ita</span> <span class='ocrx_word' id='word_1_143' title='bbox 1765 2109 2132 2169; x_wconf 83' lang='lat' dir='ltr'>dimidiatam</span> <span class='ocrx_word' id='word_1_144' title='bbox 2163 2108 2522 2190; x_wconf 88' lang='lat' dir='ltr'>relinquens,</span> <span class='ocrx_word' id='word_1_145' title='bbox 2550 2119 2619 2171; x_wconf 84' lang='lat' dir='ltr'>ut</span> 
     </span>
     <span class='ocr_line' id='line_1_19' title="bbox 417 2203 2615 2289; baseline -0.001 -20"><span class='ocrx_word' id='word_1_146' title='bbox 417 2211 708 2289; x_wconf 83' lang='lat' dir='ltr'>respirent</span> <span class='ocrx_word' id='word_1_147' title='bbox 734 2221 1122 2288; x_wconf 79' lang='lat' dir='ltr'>spectatores,</span> <span class='ocrx_word' id='word_1_148' title='bbox 1150 2219 1212 2268; x_wconf 89' lang='lat' dir='ltr'>et</span> <span class='ocrx_word' id='word_1_149' title='bbox 1237 2207 1467 2268; x_wconf 79' lang='lat' dir='ltr'>facilius</span> <span class='ocrx_word' id='word_1_150' title='bbox 1503 2214 1919 2276; x_wconf 87' lang='lat' dir='ltr'>commutetur,</span> <span class='ocrx_word' id='word_1_151' title='bbox 1962 2203 2246 2283; x_wconf 88' lang='lat' dir='ltr'>quicquid</span> <span class='ocrx_word' id='word_1_152' title='bbox 2290 2205 2347 2263; x_wconf 91' lang='lat' dir='ltr'>in</span> <span class='ocrx_word' id='word_1_153' title='bbox 2378 2205 2615 2284; x_wconf 86' lang='lat' dir='ltr'>reliquis</span> 
     </span>
     <span class='ocr_line' id='line_1_20' title="bbox 419 2300 2614 2386; baseline -0.001 -22"><span class='ocrx_word' id='word_1_154' title='bbox 419 2307 743 2366; x_wconf 83' lang='lat' dir='ltr'>Comoedioe</span> <span class='ocrx_word' id='word_1_155' title='bbox 772 2307 1038 2386; x_wconf 89' lang='lat' dir='ltr'>partibus</span> <span class='ocrx_word' id='word_1_156' title='bbox 1067 2315 1374 2386; x_wconf 86' lang='lat' dir='ltr'>superest:</span> <span class='ocrx_word' id='word_1_157' title='bbox 1416 2304 1478 2365; x_wconf 87' lang='lat' dir='ltr'>id</span> <span class='ocrx_word' id='word_1_158' title='bbox 1507 2317 1704 2364; x_wconf 85' lang='lat' dir='ltr'>autem</span> <span class='ocrx_word' id='word_1_159' title='bbox 1728 2313 1900 2362; x_wconf 85' lang='lat' dir='ltr'>aetus</span> <span class='ocrx_word' id='word_1_160' title='bbox 1928 2311 2288 2362; x_wconf 86' lang='lat' dir='ltr'>commutare</span> <span class='ocrx_word' id='word_1_161' title='bbox 2315 2300 2614 2362; x_wconf 83' lang='lat' dir='ltr'>dicebant.</span> 
     </span>
     <span class='ocr_line' id='line_1_21' title="bbox 420 2397 2617 2476; baseline -0.002 -13"><span class='ocrx_word' id='word_1_162' title='bbox 420 2403 654 2464; x_wconf 87' lang='lat' dir='ltr'>Interea</span> <span class='ocrx_word' id='word_1_163' title='bbox 679 2403 840 2462; x_wconf 88' lang='lat' dir='ltr'>mimi</span> <span class='ocrx_word' id='word_1_164' title='bbox 868 2402 1114 2462; x_wconf 87' lang='lat' dir='ltr'>dicteria</span> <span class='ocrx_word' id='word_1_165' title='bbox 1141 2413 1202 2462; x_wconf 88' lang='lat' dir='ltr'>et</span> <span class='ocrx_word' id='word_1_166' title='bbox 1219 2400 1478 2462; x_wconf 85' lang='lat' dir='ltr'>diverbia</span> <span class='ocrx_word' id='word_1_167' title='bbox 1499 2401 1851 2470; x_wconf 81' lang='lat' dir='ltr'>referebant,</span> <span class='ocrx_word' id='word_1_168' title='bbox 1872 2397 2391 2476; x_wconf 84' lang='lat' dir='ltr'>recitabanturque</span> <span class='ocrx_word' id='word_1_169' title='bbox 2414 2399 2617 2458; x_wconf 87' lang='lat' dir='ltr'>nescio</span> 
     </span>
     <span class='ocr_line' id='line_1_22' title="bbox 422 2495 2620 2578; baseline -0.002 -20"><span class='ocrx_word' id='word_1_170' title='bbox 422 2519 559 2578; x_wconf 82' lang='lat' dir='ltr'>quoe</span> <span class='ocrx_word' id='word_1_171' title='bbox 595 2498 888 2578; x_wconf 88' lang='lat' dir='ltr'>jucunda,</span> <span class='ocrx_word' id='word_1_172' title='bbox 933 2519 1070 2576; x_wconf 77' lang='lat' dir='ltr'>quae</span> <span class='ocrx_word' id='word_1_173' title='bbox 1109 2499 1393 2578; x_wconf 88' lang='lat' dir='ltr'>populum</span> <span class='ocrx_word' id='word_1_174' title='bbox 1422 2498 1535 2557; x_wconf 88' lang='lat' dir='ltr'>alia</span> <span class='ocrx_word' id='word_1_175' title='bbox 1561 2495 1957 2557; x_wconf 84' lang='lat' dir='ltr'>oblectatione</span> <span class='ocrx_word' id='word_1_176' title='bbox 1986 2495 2308 2553; x_wconf 88' lang='lat' dir='ltr'>afficerent.</span> <span class='ocrx_word' id='word_1_177' title='bbox 2394 2495 2463 2552; x_wconf 89' lang='lat' dir='ltr'>In</span> <span class='ocrx_word' id='word_1_178' title='bbox 2500 2496 2620 2554; x_wconf 91' lang='lat' dir='ltr'>Co-</span> 
     </span>
     <span class='ocr_line' id='line_1_23' title="bbox 423 2587 2621 2674; baseline -0.003 -20"><span class='ocrx_word' id='word_1_179' title='bbox 423 2595 644 2654; x_wconf 83' lang='lat' dir='ltr'>moedia</span> <span class='ocrx_word' id='word_1_180' title='bbox 669 2615 810 2654; x_wconf 84' lang='lat' dir='ltr'>vero</span> <span class='ocrx_word' id='word_1_181' title='bbox 823 2595 1021 2674; x_wconf 88' lang='lat' dir='ltr'>plures</span> <span class='ocrx_word' id='word_1_182' title='bbox 1039 2605 1209 2654; x_wconf 86' lang='lat' dir='ltr'>erant</span> <span class='ocrx_word' id='word_1_183' title='bbox 1223 2591 1563 2673; x_wconf 85' lang='lat' dir='ltr'>hujusmodi</span> <span class='ocrx_word' id='word_1_184' title='bbox 1583 2602 1777 2662; x_wconf 89' lang='lat' dir='ltr'>actus,</span> <span class='ocrx_word' id='word_1_185' title='bbox 1796 2587 2123 2650; x_wconf 88' lang='lat' dir='ltr'>secundum</span> <span class='ocrx_word' id='word_1_186' title='bbox 2156 2589 2238 2648; x_wconf 92' lang='lat' dir='ltr'>rei</span> <span class='ocrx_word' id='word_1_187' title='bbox 2253 2589 2621 2667; x_wconf 82' lang='lat' dir='ltr'>gravitatem,</span> 
     </span>
     <span class='ocr_line' id='line_1_24' title="bbox 424 2685 2621 2751; baseline -0.002 -1"><span class='ocrx_word' id='word_1_188' title='bbox 424 2701 532 2750; x_wconf 88' lang='lat' dir='ltr'>aut</span> <span class='ocrx_word' id='word_1_189' title='bbox 595 2691 904 2751; x_wconf 85' lang='lat' dir='ltr'>rationem.</span> <span class='ocrx_word' id='word_1_190' title='bbox 1007 2689 1446 2749; x_wconf 84' lang='lat' dir='ltr'>Comoediarum</span> <span class='ocrx_word' id='word_1_191' title='bbox 1513 2699 1710 2747; x_wconf 84' lang='lat' dir='ltr'>autem</span> <span class='ocrx_word' id='word_1_192' title='bbox 1761 2685 2031 2745; x_wconf 84' lang='lat' dir='ltr'>recitatio</span> <span class='ocrx_word' id='word_1_193' title='bbox 2100 2685 2160 2742; x_wconf 88' lang='lat' dir='ltr'>in</span> <span class='ocrx_word' id='word_1_194' title='bbox 2214 2704 2397 2744; x_wconf 85' lang='lat' dir='ltr'>scena</span> <span class='ocrx_word' id='word_1_195' title='bbox 2446 2686 2621 2746; x_wconf 88' lang='lat' dir='ltr'>Actio</span> 
     </span>
     <span class='ocr_line' id='line_1_25' title="bbox 425 2781 2623 2864; baseline -0.003 -18"><span class='ocrx_word' id='word_1_196' title='bbox 425 2787 770 2848; x_wconf 87' lang='lat' dir='ltr'>dicebatur:</span> <span class='ocrx_word' id='word_1_197' title='bbox 817 2787 978 2846; x_wconf 86' lang='lat' dir='ltr'>unde</span> <span class='ocrx_word' id='word_1_198' title='bbox 1023 2787 1202 2846; x_wconf 84' lang='lat' dir='ltr'>etiam</span> <span class='ocrx_word' id='word_1_199' title='bbox 1254 2787 1355 2864; x_wconf 89' lang='lat' dir='ltr'>qui</span> <span class='ocrx_word' id='word_1_200' title='bbox 1403 2786 1683 2862; x_wconf 82' lang='lat' dir='ltr'>agebant,</span> <span class='ocrx_word' id='word_1_201' title='bbox 1734 2792 1795 2842; x_wconf 89' lang='lat' dir='ltr'>et</span> <span class='ocrx_word' id='word_1_202' title='bbox 1840 2781 2096 2840; x_wconf 85' lang='lat' dir='ltr'>Fabulas</span> <span class='ocrx_word' id='word_1_203' title='bbox 2140 2781 2623 2860; x_wconf 85' lang='lat' dir='ltr'>pronuntiabant,</span> 
     </span>
     <span class='ocr_line' id='line_1_26' title="bbox 428 2877 2624 2960; baseline -0.005 -15"><span class='ocrx_word' id='word_1_204' title='bbox 428 2886 676 2944; x_wconf 85' lang='lat' dir='ltr'>Actores</span> <span class='ocrx_word' id='word_1_205' title='bbox 705 2885 870 2944; x_wconf 87' lang='lat' dir='ltr'>dicti.</span> <span class='ocrx_word' id='word_1_206' title='bbox 951 2883 1126 2942; x_wconf 82' lang='lat' dir='ltr'>Actio</span> <span class='ocrx_word' id='word_1_207' title='bbox 1155 2900 1391 2960; x_wconf 88' lang='lat' dir='ltr'>quoque</span> <span class='ocrx_word' id='word_1_208' title='bbox 1421 2879 1497 2939; x_wconf 88' lang='lat' dir='ltr'>ad</span> <span class='ocrx_word' id='word_1_209' title='bbox 1533 2879 1816 2938; x_wconf 86' lang='lat' dir='ltr'>orationis</span> <span class='ocrx_word' id='word_1_210' title='bbox 1864 2877 2399 2956; x_wconf 80' lang='lat' dir='ltr'>pronuntiationem</span> <span class='ocrx_word' id='word_1_211' title='bbox 2430 2887 2624 2936; x_wconf 82' lang='lat' dir='ltr'>trans·</span> 
     </span>
     <span class='ocr_line' id='line_1_27' title="bbox 427 2971 2627 3056; baseline -0.005 -16"><span class='ocrx_word' id='word_1_212' title='bbox 427 2981 649 3048; x_wconf 62' lang='lat' dir='ltr'>sertum</span> <span class='ocrx_word' id='word_1_213' title='bbox 695 2992 762 3039; x_wconf 88' lang='lat' dir='ltr'>ut</span> <span class='ocrx_word' id='word_1_214' title='bbox 788 2979 962 3038; x_wconf 88' lang='lat' dir='ltr'>etiam</span> <span class='ocrx_word' id='word_1_215' title='bbox 1011 2978 1140 3056; x_wconf 88' lang='lat' dir='ltr'>ipsa</span> <span class='ocrx_word' id='word_1_216' title='bbox 1167 2978 1354 3038; x_wconf 90' lang='lat' dir='ltr'>oratio</span> <span class='ocrx_word' id='word_1_217' title='bbox 1401 2974 1652 3034; x_wconf 86' lang='lat' dir='ltr'>rhetoris</span> <span class='ocrx_word' id='word_1_218' title='bbox 1699 2971 1791 3031; x_wconf 83' lang='lat' dir='ltr'>vel</span> <span class='ocrx_word' id='word_1_219' title='bbox 1842 2971 2065 3050; x_wconf 84' lang='lat' dir='ltr'>scripta</span> <span class='ocrx_word' id='word_1_220' title='bbox 2102 2973 2197 3030; x_wconf 79' lang='lat' dir='ltr'>vel</span> <span class='ocrx_word' id='word_1_221' title='bbox 2246 2971 2627 3049; x_wconf 84' lang='lat' dir='ltr'>pronuntiata</span> 
     </span>
     <span class='ocr_line' id='line_1_28' title="bbox 429 3075 865 3142; baseline -0.018 0"><span class='ocrx_word' id='word_1_222' title='bbox 429 3079 587 3142; x_wconf 77' lang='lat' dir='ltr'>actio</span> <span class='ocrx_word' id='word_1_223' title='bbox 613 3075 865 3136; x_wconf 84' lang='lat' dir='ltr'>dicatur.</span> 
     </span>
    </p>
   </div>
   <div class='ocr_carea' id='block_1_3' title="bbox 753 3227 2292 3297">
    <p class='ocr_par' dir='ltr' id='par_1_3' title="bbox 753 3227 2292 3297">
     <span class='ocr_line' id='line_1_29' title="bbox 753 3227 2292 3297; baseline -0.006 -1"><span class='ocrx_word' id='word_1_224' title='bbox 753 3235 1294 3297; x_wconf 86' lang='lat' dir='ltr'>SCENICORUM</span> <span class='ocrx_word' id='word_1_225' title='bbox 1339 3231 1739 3294; x_wconf 87' lang='lat' dir='ltr'>ACTORUM</span> <span class='ocrx_word' id='word_1_226' title='bbox 1784 3227 2292 3289; x_wconf 87' lang='lat' dir='ltr'>DIVERSITAS.</span> 
     </span>
    </p>
   </div>
   <div class='ocr_carea' id='block_1_4' title="bbox 433 3353 2635 4309">
    <p class='ocr_par' dir='ltr' id='par_1_4' title="bbox 433 3353 2635 4309">
     <span class='ocr_line' id='line_1_30' title="bbox 516 3353 2627 3434; baseline -0.006 -8"><span class='ocrx_word' id='word_1_227' title='bbox 516 3367 584 3425; x_wconf 89' lang='lat' dir='ltr'>In</span> <span class='ocrx_word' id='word_1_228' title='bbox 615 3384 854 3426; x_wconf 84' lang='lat' dir='ltr'>scenam</span> <span class='ocrx_word' id='word_1_229' title='bbox 885 3383 1002 3424; x_wconf 89' lang='lat' dir='ltr'>non</span> <span class='ocrx_word' id='word_1_230' title='bbox 1033 3363 1226 3424; x_wconf 86' lang='lat' dir='ltr'>solum</span> <span class='ocrx_word' id='word_1_231' title='bbox 1271 3361 1712 3422; x_wconf 85' lang='lat' dir='ltr'>Comoediarum</span> <span class='ocrx_word' id='word_1_232' title='bbox 1762 3367 1867 3418; x_wconf 85' lang='lat' dir='ltr'>aut</span> <span class='ocrx_word' id='word_1_233' title='bbox 1906 3354 2350 3434; x_wconf 71' lang='lat' dir='ltr'>&#39;tragoediarum</span> <span class='ocrx_word' id='word_1_234' title='bbox 2380 3353 2627 3415; x_wconf 83' lang='lat' dir='ltr'>Actores</span> 
     </span>
     <span class='ocr_line' id='line_1_31' title="bbox 433 3448 2629 3541; baseline -0.006 -19"><span class='ocrx_word' id='word_1_235' title='bbox 433 3461 559 3540; x_wconf 81' lang='lat' dir='ltr'>(qui</span> <span class='ocrx_word' id='word_1_236' title='bbox 588 3461 839 3541; x_wconf 79' lang='lat' dir='ltr'>tragoedi</span> <span class='ocrx_word' id='word_1_237' title='bbox 863 3472 929 3521; x_wconf 88' lang='lat' dir='ltr'>et</span> <span class='ocrx_word' id='word_1_238' title='bbox 952 3461 1204 3520; x_wconf 84' lang='lat' dir='ltr'>comoedi</span> <span class='ocrx_word' id='word_1_239' title='bbox 1233 3457 1608 3532; x_wconf 88' lang='lat' dir='ltr'>dicebantur)</span> <span class='ocrx_word' id='word_1_240' title='bbox 1633 3453 1951 3534; x_wconf 79' lang='lat' dir='ltr'>prodibant</span> <span class='ocrx_word' id='word_1_241' title='bbox 1976 3453 2035 3510; x_wconf 87' lang='lat' dir='ltr'>in</span> <span class='ocrx_word' id='word_1_242' title='bbox 2066 3448 2494 3530; x_wconf 75' lang='lat' dir='ltr'>spectaculum,</span> <span class='ocrx_word' id='word_1_243' title='bbox 2522 3449 2629 3509; x_wconf 87' lang='lat' dir='ltr'>sed</span> 
     </span>
     <span class='ocr_line' id='line_1_32' title="bbox 435 3547 2629 3635; baseline -0.005 -19"><span class='ocrx_word' id='word_1_244' title='bbox 435 3557 610 3616; x_wconf 85' lang='lat' dir='ltr'>etiam</span> <span class='ocrx_word' id='word_1_245' title='bbox 643 3557 824 3626; x_wconf 90' lang='lat' dir='ltr'>mimi,</span> <span class='ocrx_word' id='word_1_246' title='bbox 850 3558 1216 3635; x_wconf 87' lang='lat' dir='ltr'>pantomimi,</span> <span class='ocrx_word' id='word_1_247' title='bbox 1246 3554 1589 3626; x_wconf 85' lang='lat' dir='ltr'>archimimi,</span> <span class='ocrx_word' id='word_1_248' title='bbox 1620 3550 1903 3628; x_wconf 84' lang='lat' dir='ltr'>ethologi,</span> <span class='ocrx_word' id='word_1_249' title='bbox 1940 3547 2235 3626; x_wconf 83' lang='lat' dir='ltr'>ethopoei:</span> <span class='ocrx_word' id='word_1_250' title='bbox 2280 3565 2485 3606; x_wconf 85' lang='lat' dir='ltr'>omnes</span> <span class='ocrx_word' id='word_1_251' title='bbox 2510 3563 2629 3606; x_wconf 91' lang='lat' dir='ltr'>uno</span> 
     </span>
     <span class='ocr_line' id='line_1_33' title="bbox 437 3641 2635 3732; baseline -0.004 -22"><span class='ocrx_word' id='word_1_252' title='bbox 437 3651 678 3711; x_wconf 87' lang='lat' dir='ltr'>nomine</span> <span class='ocrx_word' id='word_1_253' title='bbox 707 3651 1033 3732; x_wconf 74' lang='lat' dir='ltr'>hypocritae</span> <span class='ocrx_word' id='word_1_254' title='bbox 1075 3653 1163 3730; x_wconf 90' lang='lat' dir='ltr'>(id</span> <span class='ocrx_word' id='word_1_255' title='bbox 1193 3663 1306 3725; x_wconf 89' lang='lat' dir='ltr'>est,</span> <span class='ocrx_word' id='word_1_256' title='bbox 1349 3653 1558 3713; x_wconf 80' lang='lat' dir='ltr'>alienae</span> <span class='ocrx_word' id='word_1_257' title='bbox 1602 3667 1875 3730; x_wconf 76' lang='lat' dir='ltr'>personae</span> <span class='ocrx_word' id='word_1_258' title='bbox 1900 3645 2299 3716; x_wconf 87' lang='lat' dir='ltr'>simulatores)</span> <span class='ocrx_word' id='word_1_259' title='bbox 2344 3641 2527 3702; x_wconf 86' lang='lat' dir='ltr'>dicti:</span> <span class='ocrx_word' id='word_1_260' title='bbox 2573 3652 2635 3701; x_wconf 85' lang='lat' dir='ltr'>et</span> 
     </span>
     <span class='ocr_line' id='line_1_34' title="bbox 437 3735 2630 3826; baseline -0.007 -18"><span class='ocrx_word' id='word_1_261' title='bbox 437 3767 640 3808; x_wconf 88' lang='lat' dir='ltr'>eorum</span> <span class='ocrx_word' id='word_1_262' title='bbox 671 3748 847 3817; x_wconf 86' lang='lat' dir='ltr'>actio,</span> <span class='ocrx_word' id='word_1_263' title='bbox 873 3746 1227 3826; x_wconf 85' lang='lat' dir='ltr'>hypocrisis,</span> <span class='ocrx_word' id='word_1_264' title='bbox 1275 3748 1335 3806; x_wconf 90' lang='lat' dir='ltr'>id</span> <span class='ocrx_word' id='word_1_265' title='bbox 1363 3757 1480 3820; x_wconf 87' lang='lat' dir='ltr'>est,</span> <span class='ocrx_word' id='word_1_266' title='bbox 1508 3747 1719 3806; x_wconf 79' lang='lat' dir='ltr'>alienae</span> <span class='ocrx_word' id='word_1_267' title='bbox 1762 3735 2031 3823; x_wconf 65' lang='lat' dir='ltr'>personae</span> <span class='ocrx_word' id='word_1_268' title='bbox 2056 3738 2376 3809; x_wconf 83' lang='lat' dir='ltr'>simulatio,</span> <span class='ocrx_word' id='word_1_269' title='bbox 2406 3735 2630 3795; x_wconf 84' lang='lat' dir='ltr'>Latinis</span> 
     </span>
     <span class='ocr_line' id='line_1_35' title="bbox 439 3833 2631 3922; baseline -0.006 -19"><span class='ocrx_word' id='word_1_270' title='bbox 439 3843 778 3916; x_wconf 86' lang='lat' dir='ltr'>histriones,</span> <span class='ocrx_word' id='word_1_271' title='bbox 808 3841 1220 3922; x_wconf 85' lang='lat' dir='ltr'>ludionesque,</span> <span class='ocrx_word' id='word_1_272' title='bbox 1248 3856 1353 3905; x_wconf 88' lang='lat' dir='ltr'>aut</span> <span class='ocrx_word' id='word_1_273' title='bbox 1379 3845 1554 3905; x_wconf 85' lang='lat' dir='ltr'>etiam</span> <span class='ocrx_word' id='word_1_274' title='bbox 1583 3843 1729 3902; x_wconf 88' lang='lat' dir='ltr'>ludii</span> <span class='ocrx_word' id='word_1_275' title='bbox 1758 3841 2051 3900; x_wconf 87' lang='lat' dir='ltr'>dicuntur.</span> <span class='ocrx_word' id='word_1_276' title='bbox 2115 3836 2281 3896; x_wconf 84' lang='lat' dir='ltr'>Mimi</span> <span class='ocrx_word' id='word_1_277' title='bbox 2308 3833 2631 3893; x_wconf 81' lang='lat' dir='ltr'>imitatores</span> 
     </span>
     <span class='ocr_line' id='line_1_36' title="bbox 439 3926 2630 4021; baseline -0.016 -1"><span class='ocrx_word' id='word_1_278' title='bbox 439 3949 585 4001; x_wconf 58' lang='grc' dir='ltr'>ΝΜ</span> <span class='ocrx_word' id='word_1_279' title='bbox 612 3929 922 4018; x_wconf 46' lang='grc' dir='ltr'>ἔθῑῐΰῦῐῦζ</span> <span class='ocrx_word' id='word_1_280' title='bbox 935 3959 1175 4014; x_wconf 78' lang='lat' dir='ltr'>vocum,</span> <span class='ocrx_word' id='word_1_281' title='bbox 1203 3952 1308 4002; x_wconf 86' lang='lat' dir='ltr'>aut</span> <span class='ocrx_word' id='word_1_282' title='bbox 1333 3959 1642 4021; x_wconf 84' lang='lat' dir='ltr'>gressuum</span> <span class='ocrx_word' id='word_1_283' title='bbox 1674 3936 1924 4015; x_wconf 87' lang='lat' dir='ltr'>alicujus</span> <span class='ocrx_word' id='word_1_284' title='bbox 1963 3952 2233 4014; x_wconf 74' lang='lat' dir='ltr'>personae</span> <span class='ocrx_word' id='word_1_285' title='bbox 2265 3931 2416 3990; x_wconf 85' lang='lat' dir='ltr'>inter</span> <span class='ocrx_word' id='word_1_286' title='bbox 2442 3926 2589 3986; x_wconf 89' lang='lat' dir='ltr'>alias</span> <span class='ocrx_word' id='word_1_287' title='bbox 2616 3947 2630 3986; x_wconf 90' lang='lat'><strong>:</strong></span> 
     </span>
     <span class='ocr_line' id='line_1_37' title="bbox 440 4023 2631 4116; baseline -0.007 -20"><span class='ocrx_word' id='word_1_288' title='bbox 440 4037 614 4116; x_wconf 84' lang='lat' dir='ltr'>cujus</span> <span class='ocrx_word' id='word_1_289' title='bbox 641 4034 890 4096; x_wconf 87' lang='lat' dir='ltr'>ridicula</span> <span class='ocrx_word' id='word_1_290' title='bbox 918 4037 998 4095; x_wconf 87' lang='lat' dir='ltr'>sit</span> <span class='ocrx_word' id='word_1_291' title='bbox 1022 4055 1159 4108; x_wconf 80' lang='lat' dir='ltr'>vox,</span> <span class='ocrx_word' id='word_1_292' title='bbox 1207 4047 1314 4096; x_wconf 86' lang='lat' dir='ltr'>aut</span> <span class='ocrx_word' id='word_1_293' title='bbox 1359 4037 1522 4097; x_wconf 89' lang='lat' dir='ltr'>aliud</span> <span class='ocrx_word' id='word_1_294' title='bbox 1560 4034 1885 4116; x_wconf 87' lang='lat' dir='ltr'>quidpiam.</span> <span class='ocrx_word' id='word_1_295' title='bbox 1968 4026 2324 4089; x_wconf 78' lang='lat' dir='ltr'>pantomimi</span> <span class='ocrx_word' id='word_1_296' title='bbox 2374 4023 2631 4082; x_wconf 88' lang='lat' dir='ltr'>omnium</span> 
     </span>
     <span class='ocr_line' id='line_1_38' title="bbox 441 4123 2635 4212; baseline -0.007 -18"><span class='ocrx_word' id='word_1_297' title='bbox 441 4152 826 4212; x_wconf 80' lang='lat' dir='ltr'>personarum</span> <span class='ocrx_word' id='word_1_298' title='bbox 852 4132 1178 4193; x_wconf 85' lang='lat' dir='ltr'>imitatores</span> <span class='ocrx_word' id='word_1_299' title='bbox 1207 4143 1347 4193; x_wconf 87' lang='lat' dir='ltr'>sunt</span> <span class='ocrx_word' id='word_1_300' title='bbox 1369 4135 1819 4210; x_wconf 84' lang='lat' dir='ltr'>effictoresque:</span> <span class='ocrx_word' id='word_1_301' title='bbox 1848 4137 1918 4187; x_wconf 89' lang='lat' dir='ltr'>ut</span> <span class='ocrx_word' id='word_1_302' title='bbox 1950 4135 2010 4186; x_wconf 87' lang='lat' dir='ltr'>et</span> <span class='ocrx_word' id='word_1_303' title='bbox 2032 4123 2324 4194; x_wconf 87' lang='lat' dir='ltr'>mulieres,</span> <span class='ocrx_word' id='word_1_304' title='bbox 2352 4131 2413 4179; x_wconf 87' lang='lat' dir='ltr'>et</span> <span class='ocrx_word' id='word_1_305' title='bbox 2440 4139 2635 4190; x_wconf 90' lang='lat' dir='ltr'>senes,</span> 
     </span>
     <span class='ocr_line' id='line_1_39' title="bbox 445 4216 2635 4309; baseline -0.008 -19"><span class='ocrx_word' id='word_1_306' title='bbox 445 4239 510 4290; x_wconf 83' lang='lat' dir='ltr'>et</span> <span class='ocrx_word' id='word_1_307' title='bbox 525 4230 794 4308; x_wconf 80' lang='lat' dir='ltr'>juvenes,</span> <span class='ocrx_word' id='word_1_308' title='bbox 821 4249 892 4289; x_wconf 87' lang='lat' dir='ltr'>ac</span> <span class='ocrx_word' id='word_1_309' title='bbox 919 4229 1347 4309; x_wconf 84' lang='lat' dir='ltr'>cujuscumque</span> <span class='ocrx_word' id='word_1_310' title='bbox 1375 4229 1569 4290; x_wconf 76' lang='lat' dir='ltr'>aetatis</span> <span class='ocrx_word' id='word_1_311' title='bbox 1603 4242 1886 4306; x_wconf 84' lang='lat' dir='ltr'>personas</span> <span class='ocrx_word' id='word_1_312' title='bbox 1914 4221 2292 4300; x_wconf 74' lang='lat' dir='ltr'>confingant3</span> <span class='ocrx_word' id='word_1_313' title='bbox 2337 4216 2511 4276; x_wconf 84' lang='lat' dir='ltr'>etiam</span> <span class='ocrx_word' id='word_1_314' title='bbox 2553 4217 2635 4273; x_wconf 84' lang='lat' dir='ltr'>ita</span> 
     </span>
    </p>
   </div>
  </div>
 </body>
</html>
