3234 4934
627 409 718 476 62
1461 421 1558 470 ΒΕ
1603 419 1707 468 'ru
1720 419 1986 469 iza-rao,

627 570 850 628 tinette.
934 564 1168 644 Quippe
1197 563 1456 635 Servius,
1485 562 1811 622 Varronem
1846 569 2107 633 secutus,
2152 559 2305 620 duas
2330 561 2583 639 impares
2612 563 2814 624 cavei·-

631 683 740 723 nas
765 659 1172 740 hujuscemodi
1201 661 1352 719 tibiis
1398 658 1579 718 fuisse
1606 666 1878 730 testatur,
1907 675 1977 716 ac
1998 656 2287 716 foramina
2310 656 2578 716 totidem.
2644 658 2817 718 Unde

629 757 910 838 Virgilius
937 775 1138 818 earum
1162 756 1408 816 biforem
1437 765 1679 814 cantum
1724 753 2005 833 appellat,
2053 761 2363 832 propterea
2398 752 2565 832 quod
2603 749 2819 832 graves

629 863 690 916 et
735 865 942 914 acutas
989 852 1322 912 emitterent
1366 869 1472 929 pro
1521 850 1778 910 tibicinis
1824 848 2063 908 arbitrio
2105 849 2525 908 voculationes.
2593 850 2815 910 Alteras

631 959 772 1010 sunt
797 949 1084 1019 Serranae,
1113 946 1198 1007 sic
1247 947 1542 1024 (arbitror)
1583 943 1918 1024 appellata,
1968 945 2247 1024 quoniam
2294 944 2369 1004 iis
2411 944 2727 1006 saltatores
2754 959 2817 1008 et

629 1045 884 1124 proferre
933 1053 994 1104 et
1036 1042 1247 1104 referre
1291 1041 1503 1121 pedem
1551 1040 1837 1101 continuo
1876 1040 2245 1121 juberentur,
2270 1059 2392 1101 non
2420 1059 2593 1100 secus
2636 1051 2815 1120 atque

632 1152 913 1212 sectores,
943 1139 1044 1217 qui
1073 1158 1234 1199 serra
1259 1137 1476 1198 adacta
1501 1137 1701 1216 partiri
1730 1137 1895 1216 ligna
1920 1149 2227 1198 conantur.
2312 1136 2615 1217 Siquidem
2637 1136 2817 1196 Pom·

628 1236 795 1316 peius
837 1236 922 1296 ait
945 1253 1160 1296 serram
1190 1233 1252 1294 id
1279 1231 1546 1314 praelium
1573 1232 1695 1293 dici
1720 1253 1840 1313 quo
1866 1233 2197 1311 frequenter
2224 1233 2380 1292 acies
2425 1243 2487 1294 et
2534 1232 2819 1293 accedere

629 1342 693 1392 et
717 1331 992 1393 recedere
1019 1329 1254 1391 soleret.
1339 1329 1456 1390 Hoe
1485 1348 1716 1408 semper
1739 1339 1911 1388 erant
1938 1329 2211 1402 sinistroe,
2262 1347 2574 1408 paresque,
2615 1329 2675 1388 id
2704 1340 2817 1402 est,

631 1428 890 1506 equales
917 1427 1222 1488 cavernis:
1280 1426 1641 1505 proindeque
1688 1445 1887 1505 parem
1918 1435 2289 1495 concentum,
2318 1433 2559 1484 acutum
2594 1424 2819 1486 scilicet

631 1522 992 1592 emittebant,
1019 1519 1515 1600 quemadmodum
1552 1521 1791 1581 Servius
1838 1520 2001 1580 haud
2040 1519 2312 1599 perplexe
2356 1519 2639 1600 scriptum
2680 1519 2821 1580 reli·

631 1617 778 1696 quit.
861 1617 1280 1680 Verumtamen
1312 1616 1637 1676 Diomedes
1674 1616 1849 1677 tibias
1876 1635 2050 1695 pares
2079 1626 2141 1674 et
2168 1615 2419 1692 impares
2445 1613 2683 1674 videtur
2708 1633 2819 1673 nu-

631 1731 792 1774 mero
819 1712 1096 1772 definire:
1137 1711 1299 1792 quod
1329 1712 1604 1792 equidem
1649 1731 1769 1772 non
1796 1711 1967 1771 video
1996 1731 2101 1771 cur
2150 1709 2342 1791 possit
2368 1707 2635 1769 admitti:
2678 1728 2817 1768 nam

631 1826 739 1886 par
780 1817 841 1868 et
880 1809 1064 1888 impar
1105 1807 1392 1886 qualitate
1435 1807 1554 1870 fere
1583 1827 1813 1888 semper
1842 1807 2124 1887 accipitur
2152 1825 2189 1866 a
2217 1805 2463 1866 Latinis.
2529 1804 2817 1882 Exemplo

635 1902 715 1964 sit
736 1902 854 1962 hoc
881 1901 1276 1964 Ovidianumz

1271 2047 1388 2108 Par
1416 2058 1541 2108 erat
1564 2047 1800 2110 inferior
1826 2068 2051 2110 versus.

634 2141 714 2202 Et
737 2141 882 2202 illud
907 2141 1286 2224 virgilianum
1313 2164 1330 2203 ε

1273 2239 1616 2301 Formosum
1647 2242 1884 2321 paribus
1914 2240 2107 2302 nodis.

637 2334 725 2396 Ac
753 2331 936 2393 illud:

1271 2428 1465 2508 Impar
1489 2447 1844 2510 congressus
1872 2427 2112 2490 Achilli.

638 2571 758 2631 Sed
785 2587 904 2650 quo
933 2567 1170 2630 tandem
1201 2589 1331 2632 sum
1381 2570 1674 2632 incuriose
1718 2571 2067 2650 digressus?
2109 2573 2317 2652 Egone
2358 2583 2428 2634 ut
2466 2590 2685 2654 magna
2710 2594 2821 2634 no-

636 2668 795 2728 mina
821 2665 1204 2744 sugillarem?
1267 2665 1535 2738 Minime,
1581 2667 1633 2726 si
1660 2687 1859 2726 meum
1884 2667 2023 2726 mihi
2054 2667 2193 2728 vitoe
2230 2669 2563 2729 institutum
2590 2688 2821 2748 perma-

637 2761 818 2822 nebit.
902 2759 1196 2828 Quocirca
1221 2781 1296 2821 ne
1323 2763 1496 2820 nobis
1533 2761 1755 2841 aliquid
1786 2762 2095 2842 Eupolidis
2118 2763 2439 2825 infortunio
2464 2765 2653 2828 simile
2676 2785 2821 2826 con-

637 2857 850 2935 tingat,
875 2857 1136 2935 perfecto
1153 2855 1280 2936 jam
1305 2859 1468 2937 operi
1488 2859 1921 2938 paragraphum
1949 2860 2137 2940 stylus
2164 2859 2443 2920 obducat.

639 3241 754 3300 DE
811 3241 1335 3314 FABULARUM,
1399 3241 1832 3314 LUDORUM,
1888 3241 2484 3314 THEATRORUM,
2526 3243 2820 3304 SCENA·

705 3337 908 3409 RUM,
948 3338 1054 3396 Ac
1099 3336 1639 3396 SCENICORUM
1683 3335 2049 3404 ANTIQUA
2090 3336 2753 3412 CONSUETUDINE,

1524 3431 1940 3500 LIBELLUsz

645 3557 744 3616 Er
769 3557 1008 3635 optimis
1034 3559 1374 3619 auctoribus
1402 3558 1695 3631 collectus,
1724 3557 1807 3619 ad
1840 3559 2095 3620 Comicos
2105 3559 2360 3638 facilius
2385 3561 2822 3642 intelligendos,

829 3655 1136 3734 praecipue
1163 3655 1529 3734 conscriptus
1557 3655 1623 3714 in
1647 3655 1913 3736 gratiam
1943 3652 2235 3716 Studiosae
2259 3655 2620 3719 Juventneis.

643 3796 990 3862 Nunnium
1031 3795 1484 3859 existimandum
1525 3810 1619 3862 est
1653 3801 1931 3880 cuiquam
1973 3801 2221 3880 posthac
2259 3802 2599 3868 familiarem
2642 3805 2821 3866 Plau-

641 3905 768 3954 tum
795 3903 899 3952 aut
938 3894 1275 3954 Terentium
1315 3895 1610 3966 futurumz
1672 3915 1995 3978 eorumque
2032 3898 2297 3960 intimum
2336 3901 2675 3974 artificiumr
2692 3919 2823 3962 ora-

641 3988 820 4048 tionis
875 3989 1296 4063 characterem,
1355 4003 1534 4072 ntque
1585 4003 1977 4067 venustatem,
2016 3993 2247 4074 aliaque
2298 3995 2359 4054 id
2418 4015 2603 4074 genus
2654 3997 2825 4076 plura

645 4101 980 4164 quenquam
1005 4085 1182 4164 plane
1231 4096 1653 4160 assecuturum,
1696 4088 1811 4148 nisi
1848 4089 2133 4149 comicam
2174 4107 2405 4150 omnem
2454 4090 2821 4170 dignitatem,

645 4195 886 4253 morem,
927 4192 992 4244 et
1033 4181 1252 4261 agendi
1273 4185 1786 4258 consuetudinem,
1826 4204 1963 4264 quse
2006 4187 2083 4247 ab
2110 4187 2365 4264 antiquis
2395 4187 2457 4245 in
2486 4187 2822 4248 Fabulis.ac
