3234 4934
1138 422 1332 471 mvn
1382 420 1854 473 cASTIGA'rlo.
2455 412 2600 493 ‚133
2723 488 2728 493 ,

402 571 515 636 tra,
538 562 695 644 apud
716 564 1045 645 Virgilium,
1064 564 1272 625 ultima
1292 563 1684 644 proecedentis
1706 564 1872 623 initio
1893 564 2252 645 quandoque
2280 566 2598 647 insequen-

403 660 481 718 tis
510 660 887 720 absorbetur:
916 659 1093 738 quale
1120 670 1214 720 est
1233 678 1254 720 t
1299 670 1319 701 ⁸
1338 659 1495 719 Ecce
1522 658 1722 719 furens
1753 660 1964 719 animis
1995 659 2200 721 aderat
2233 662 2596 745 Tyrinthius‚

404 774 756 836 omnemque
784 757 1111 817 Accessum
1139 754 1442 816 lustrans.’
1524 754 1874 835 Cujusmodi
1901 776 2106 817 versus
2135 760 2461 841 ὑπέρμετρα
2495 759 2600 825 ,ὀί-

404 862 641 924 cuntur,
682 852 859 913 sicuti
900 864 1115 933 proeter
1142 852 1289 913 alios
1321 853 1642 913 Diomedes
1669 854 1950 914 ostendit.
2034 854 2242 923 Qualis
2273 855 2371 915 ille
2401 856 2598 926 etiam,

408 948 565 1027 apud
588 946 823 1035 Terent.
852 948 913 1008 in
945 948 1133 1008 Andr.
1178 956 1195 984 ‘
1221 948 1385 1009 Tuus
1414 958 1581 1027 pater
1627 948 1806 1009 modo
1848 970 1942 1010 me
1986 949 2320 1029 prehendit,
2370 952 2453 1012 ait
2494 952 2599 1011 tibi

407 1062 648 1104 uxorem
696 1042 837 1103 dare
883 1061 1015 1105 sese
1064 1043 1261 1105 Hodie
1278 1044 1319 1103 τ’
1356 1045 1494 1105 item
1546 1044 1664 1105 alia
1711 1046 1920 1119 multa,
1965 1050 2077 1107 ὅτε.
2183 1047 2281 1107 Sic
2323 1048 2477 1107 enim
2526 1068 2601 1108 ex

407 1140 817 1200 observatione
858 1140 1233 1220 antiquorum
1278 1141 1551 1202 codicum
1596 1142 1849 1221 legimus
1874 1163 1892 1211 ς
1932 1162 2044 1203 nec
2089 1164 2258 1203 secus
2304 1144 2599 1215 Donatus,

406 1226 475 1295 ut
499 1235 739 1314 quidem
767 1245 828 1296 et
855 1235 1129 1296 Romana
1153 1237 1335 1296 habet
1361 1249 1421 1297 et
1466 1238 1702 1297 Veneta
1744 1237 1943 1311 editio,
1989 1240 2494 1301 consentientibus
2541 1251 2604 1299 et

406 1331 537 1391 aliis
565 1332 940 1411 quibusdam.
1025 1334 1141 1392 Hic
1182 1332 1363 1411 igitur
1409 1331 1554 1392 illud
1597 1338 1613 1366 ‘
1637 1353 1700 1392 se
1729 1332 1746 1357 ⁹
1780 1334 1840 1392 in
1889 1334 2006 1394 fine
2049 1336 2254 1413 prioris
2303 1336 2600 1397 absorberi

405 1428 652 1488 necesse
678 1438 772 1489 est
798 1414 965 1487 initio
992 1429 1320 1508 sequentis,
1348 1427 1510 1507 quod
1540 1440 1601 1488 et
1630 1428 1776 1489 alias
1808 1430 1873 1489 fit
1894 1429 2054 1508 apud
2084 1430 2360 1491 eundem.
2445 1433 2599 1490 Sunt

406 1534 605 1584 autem
633 1542 837 1584 versus
864 1523 1167 1596 trochaici,
1194 1534 1276 1595 et,
1304 1524 1406 1603 qui
1432 1524 1595 1583 volet
1618 1524 1830 1595 metiri,
1880 1525 1968 1584 sic
1994 1524 2168 1605 plane
2197 1523 2413 1586 habere
2440 1545 2600 1587 com-

405 1618 609 1699 periet.
652 1620 810 1681 Talis
832 1629 925 1681 est
944 1620 1045 1680 ille
1066 1640 1139 1681 ex
1168 1620 1442 1701 Hecyra:
1471 1627 1491 1655 ‘
1516 1620 1820 1700 Disjunxit
1843 1621 2006 1681 illum
2029 1621 2105 1680 ab
2134 1622 2257 1695 illa,
2285 1632 2602 1701 postquam

406 1715 621 1797 etipse
650 1736 781 1777 sese
812 1718 889 1777 Et
915 1716 1079 1777 illam
1100 1727 1161 1777 et
1186 1716 1343 1777 hanc
1371 1736 1506 1796 quae
1536 1716 1698 1776 domi
1725 1726 1852 1777 erat
1873 1717 2154 1796 cognovit
2183 1716 2364 1777 satis!
2424 1718 2601 1778 Tales

406 1811 584 1872 etiam
614 1812 773 1893 apud
803 1814 1081 1873 Plautum
1110 1832 1270 1893 saepe
1297 1824 1653 1874 occurrunt:
1694 1812 1858 1873 velut
1902 1813 1964 1873 in
2015 1813 2358 1873 Aulularia:
2401 1819 2418 1847 ‘
2444 1813 2602 1873 Cen-

407 1908 535 1967 sen’
563 1908 849 1968 talentum
879 1928 1159 1997 magnum
1187 1908 1413 1969 exorari
1441 1920 1680 1988 potesse
1721 1909 1814 1967 Ab
1843 1909 1993 1970 istoc
2023 1908 2206 1981 sene‚’
2245 1914 2357 1969 διο.
2440 1908 2602 1978 Quid

407 2014 605 2065 autem
649 2004 880 2075 mirum,
927 2004 978 2062 si
1023 2002 1083 2061 ia
1133 2002 1447 2063 trochaicis
1491 2003 1876 2082 iambicisque
1918 2006 2176 2085 reperias
2215 2008 2603 2085 ὑπερμέτρους,

407 2118 545 2159 cum
574 2099 633 2158 in
664 2097 975 2179 Sapphicis
1001 2097 1179 2157 etiam
1204 2098 1473 2157 invenias
1502 2098 1662 2177 apud
1696 2098 2050 2159 Horatium?
2095 2099 2354 2159 Utuntur
2376 2100 2604 2160 Comici

407 2207 472 2257 et
521 2195 755 2257 dioeresi
801 2193 1145 2266 identidem,
1186 2192 1489 2272 quomodo
1535 2192 1597 2252 in
1633 2192 1922 2273 Adelphis
1963 2193 2157 2274 ‘jam’
2198 2193 2378 2254 semel
2424 2206 2602 2275 atque

406 2294 617 2353 iterum
644 2291 1001 2371 disyllabum
1028 2289 1262 2369 legitur,
1303 2301 1371 2349 ut
1398 2299 1459 2349 et
1487 2288 1643 2369 apud
1675 2290 1955 2350 Plautum
1984 2310 2428 2370 nonnunquam.
2509 2293 2604 2352 Ita

409 2387 567 2468 apud
600 2386 923 2459 Catullum,
948 2392 967 2422 ⁸
992 2386 1174 2448 soluit
1188 2386 1225 2445 ι’
1266 2386 1425 2466 apud
1458 2386 1790 2459 Horatium,
1820 2395 1837 2423 ‘
1863 2387 2050 2466 syluae
2069 2387 2107 2447 τ’
2135 2387 2294 2467 apud
2326 2389 2601 2461 Statium,

408 2490 429 2519 ‘
451 2484 682 2545 suiisit!
738 2484 816 2543 Et
844 2482 1140 2543 contraria
1180 2482 1317 2542 huic
1354 2483 1545 2561 figura
1572 2482 1923 2565 SynaeresiS,
1949 2504 2086 2563 quoe
2113 2494 2174 2543 et
2199 2484 2606 2567 ἐπισυναλοιφὴ

408 2572 639 2652 dicitur,
681 2600 801 2659 qua
838 2566 988 2639 duas
1031 2579 1092 2638 in
1140 2598 1321 2639 unam
1364 2578 1667 2662 syllabam
1699 2580 2095 2640 contrahunt:
2138 2589 2225 2655 ut,
2268 2583 2609 2655 ‘servibas‚’

406 2695 535 2756 pro,
564 2676 897 2744 serviebas:
942 2681 959 2710 ⁸
979 2676 1217 2748 scibas‚'
1246 2694 1373 2755 pro,
1402 2673 1634 2735 sciebas
1659 2695 1676 2736 ε
1719 2674 1894 2736 sicuti
1933 2675 2091 2755 apud
2121 2676 2286 2755 Virg.
2331 2684 2348 2711 ‘
2377 2675 2603 2738 Ferrei-

406 2792 523 2851 que
554 2772 943 2832 Eumenidum
972 2770 1255 2845 thalami,’
1282 2781 1345 2831 et
1372 2790 1531 2851 soepe
1562 2771 1733 2831 alias.
1789 2771 2094 2849 Frequens
2117 2770 2296 2830 etiam
2317 2782 2411 2831 est
2439 2771 2600 2853 apud

405 2868 745 2929 Terentium
770 2869 831 2928 in
859 2888 1132 2930 versuum
1162 2868 1467 2929 mensione
1493 2870 1824 2947 συναλοιφὴ,
1846 2887 1981 2946 quse
2003 2867 2090 2939 fit,
2112 2885 2246 2926 cum
2269 2867 2330 2925 in
2352 2866 2602 2928 diversis

407 2964 763 3024 dictionibus
792 2963 1081 3023 vocalium
1110 2964 1265 3022 inter
1294 2982 1359 3021 se
1387 2962 1726 3024 coeuntium
1755 2960 1938 3023 altera
1965 2962 2128 3021 velut
2154 2962 2515 3035 obliteratur,
2544 2973 2605 3024 et

407 3060 683 3136 ἔκθλιψις,
710 3058 941 3138 quoties
968 3078 1029 3117 m
1054 3076 1190 3117 cum
1216 3058 1405 3117 vocali
1433 3055 1804 3136 praecedente
1830 3055 2180 3117 excluditur.
2244 3058 2602 3137 Quanquam

408 3174 529 3215 non
558 3176 789 3237 semper
813 3154 968 3216 idem
995 3154 1135 3215 elidi
1174 3154 1413 3215 solitum
1440 3153 1599 3233 apud
1629 3152 1874 3213 Veteres
1903 3162 2154 3212 testatur
2183 3152 2468 3213 Priscian.
2499 3154 2602 3216 lib.

412 3273 459 3313 1.
503 3252 664 3313 velut
692 3251 851 3333 apud
876 3251 1214 3312 Terentium
1254 3252 1315 3311 in
1363 3250 1637 3310 Eunuchi
1679 3259 1797 3309 act.
1843 3268 1954 3309 111.
2003 3268 2182 3309 scena
2212 3252 2267 3309 3.
2311 3256 2329 3283 ‘
2357 3248 2492 3308 Una‘
2517 3249 2602 3310 ire

406 3368 542 3409 cum
572 3348 759 3408 amica
784 3348 1190 3427 imperatorem
1221 3348 1281 3406 in
1303 3346 1439 3407 via!
1493 3346 1603 3406 Est
1626 3347 1779 3406 enim
1801 3346 2066 3424 secundo
2094 3346 2228 3406 loco
2252 3346 2601 3427 tribrachys.

409 3444 587 3513 Quod
614 3446 664 3503 si
692 3464 752 3503 m
778 3428 1052 3518 elidatur,
1094 3444 1205 3504 erit
1232 3443 1445 3504 ibidem
1471 3441 1858 3523 pyrrhichius,
1908 3442 2002 3502 cui
2036 3442 2233 3502 nullus
2262 3442 2320 3500 in
2349 3442 2601 3503 iambico

407 3540 597 3601 locus.
678 3540 779 3599 Sic
822 3539 998 3600 alibi:
1040 3546 1059 3575 ⁴
1083 3539 1339 3600 Primum
1382 3542 1577 3610 istam,
1628 3558 1803 3619 quam
1831 3539 2037 3612 habes,
2065 3538 2228 3597 unde
2255 3538 2439 3599 habes
2467 3558 2602 3598 ves·

409 3632 577 3697 tem?
622 3634 829 3693 taces!
898 3633 1124 3695 Eodem
1152 3636 1331 3696 modo
1373 3634 1531 3715 apud
1561 3634 1934 3703 Juvenalem,
1985 3640 2002 3668 ‘
2027 3634 2178 3695 Cum
2205 3646 2443 3717 propter
2470 3634 2602 3713 plu-

408 3732 554 3792 rima
578 3740 705 3789 tum
730 3728 822 3787 bis
851 3728 1157 3809 Praecipue
1183 3731 1424 3805 causis‚'
1450 3734 1664 3813 Satyra
1693 3750 1792 3792 xx.
1865 3730 1958 3790 De
1988 3730 2190 3811 figuris
2216 3730 2428 3792 ceteris
2457 3729 2596 3797 nihil

409 3828 508 3888 hic
536 3822 851 3885 dicendum
880 3832 1045 3904 puto.
