3234 4934
579 378 712 447 216
1310 388 1775 443 rasucrscus
1821 392 2031 442 nans

747 534 922 605 Quid‘
945 534 1158 615 igitur-2
1179 534 1391 595 faciam
1407 534 1521 593 :2
1561 554 1679 594 non
1718 554 1898 608 e-am,
1928 553 2002 594 ne
2025 555 2091 593 =
2114 552 2271 593 nunc
2298 532 2535 614 quidem

753 633 868 691 ΟΨ
896 632 1182 693 ac‘cessor
1193 631 1405 691 -ultr02
1445 651 1522 691 an
1542 644 1609 684 t:
1628 632 1824 710 potius
1844 665 1869 677 -
1891 631 1975 691 ita
2000 650 2091 690 me
2113 651 2179 689 =
2203 638 2557 712 comparem,

758 724 912 786 Non'
937 726 1187 807 perpe-ti
1217 726 1649 790 mere=tricum
1673 760 1692 774 ·
1715 724 2213 787 contuzmelias?

757 820 1116 883 Ex'clusit·:
1159 833 1512 883 revocat=:
1565 821 1799 883 redeam
1817 820 1892 881 -12
1918 842 2060 896 non,
2088 822 2139 881 si
2160 830 2321 881 :111⁶
2347 824 2633 882 obsecret.

757 917 1042 999 Siquidm
1066 919 1302 978 hercle·
1319 920 1510 999 possis
1526 932 1614 991 Ξ,
1642 918 1786 979 nihil
1818 918 2031 998 pri-uS,
2066 938 2259 997 neque
2281 944 2348 982 =:
2370 918 2575 978 fortius
2596 934 2623 976 τ’

757 1016 990 1075 Ve'rum
1018 1018 1064 1074 s¹
1093 1014 1388 1094 in-cipies,
1407 1042 1474 1081 =
1491 1035 1682 1095 neque
1709 1014 2053 1094 per-tendes
2075 1044 2143 1081 =
2162 1013 2409 1086 naviter,

759 1112 938 1189 Atq··¹
967 1111 1067 1170 ubi
1094 1109 1245 1191 pa-ti
1270 1130 1386 1170 non
1408 1125 1476 1163 =
1497 1111 1738 1189 poteris,
1768 1130 1903 1171 cum
1933 1118 2090 1171 nem⁰
2110 1126 2176 1166 ε
2196 1118 2453 1188 expetet,

764 1208 1008 1267 In'fecta
1025 1239 1050 1251 ·
1063 1213 1218 1285 pac‘,
1239 1206 1380 1266 ultr⁰
1393 1219 1460 1257 =
1478 1205 1554 1265 ad
1581 1226 1711 1265 eam
1740 1206 1938 1265 venies
1956 1222 2052 1265 :z
2097 1205 2366 1265 indicans

763 1304 851 1363 Te
877 1303 1090 1373 a‘mare,
1128 1310 1190 1361 et
1205 1334 1230 1347 -
1250 1301 1398 1361 ferre
1414 1318 1480 1358 =
1501 1319 1620 1359 non
1649 1303 1818 1379 poss⁸
1837 1320 1896 1368 -;
1942 1306 2102 1360 actu·
2130 1310 2219 1361 est
2242 1306 2344 1359 !=
2368 1299 2541 1359 ilicet.

766 1397 1020 1458 Per'ist¹:
1057 1396 1289 1458 e-ludet
1306 1410 1395 1469 =,
1421 1397 1522 1456 ubi
1543 1396 1847 1457 te-victum
1865 1410 1931 1451 ε
1952 1397 2223 1457 senserit.

604 1531 724 1603 sed
751 1539 911 1619 quod
941 1537 1016 1597 de
1059 1537 1358 1599 nonnullis
1399 1539 1749 1599 tetrametris
1778 1537 1919 1611 dixi,
1966 1538 2042 1600 de
2076 1540 2348 1600 trimetris
2396 1558 2632 1620 quoque
2658 1538 2789 1618 qui·

603 1636 856 1699 busdam
885 1633 1202 1693 dicendum
1246 1644 1358 1707 est,
1388 1634 1562 1693 aliam
1603 1634 1825 1695 scilicet
1875 1634 2115 1696 secandi
2163 1636 2445 1696 rationem
2488 1633 2783 1695 interdum

602 1729 994 1795 adhibendam
1024 1749 1178 1803 esse,
1205 1750 1279 1789 ne
1327 1729 1589 1809 legitima
1615 1731 1920 1789 verborum
1970 1730 2369 1811 pronuntiatio
2398 1729 2635 1789 nimium
2662 1730 2786 1788 vio-

603 1830 775 1900 letur,
803 1836 862 1887 et
890 1827 1114 1885 numeri
1161 1827 1474 1887 invenuste
1503 1824 1872 1885 incidantur:
1918 1824 2025 1884 sed
2074 1826 2170 1885 vix
2216 1826 2325 1885 tria
2374 1835 2513 1885 sunt
2552 1824 2615 1883 in
2658 1833 2786 1883 toto

603 1922 876 1984 Terentio
903 1922 1080 2001 hujus
1109 1922 1338 2001 generis
1361 1920 1670 1999 exempla:
1713 1913 1833 1981 duo
1878 1931 2106 1981 tantum
2131 1920 2407 1983 scribenti
2430 1921 2562 1982 hoec
2582 1939 2788 1981 occur·

606 2030 765 2092 runt,
785 2037 1034 2100 quorum
1062 2017 1309 2078 alterum
1339 2029 1430 2077 est
1457 2016 1517 2075 in
1550 2016 1705 2077 Eun.
1735 2036 1846 2075 ιιι.
1874 2018 1933 2075 ,1.
1964 2020 2063 2077 52.

764 2140 1214 2200 -tromit-tamus
1231 2158 1297 2197 :=
1319 2136 1787 2199 commis-satum
1808 2161 1875 2200 ε.-
1899 2138 1979 2195 tu'
2008 2136 2372 2217 Pamphilam
2394 2156 2409 2194 ε

607 2267 848 2328 alterum
881 2266 942 2327 in
973 2264 1191 2327 Heaut.
1225 2286 1303 2325 11.
1336 2270 1391 2325 3.
1423 2266 1522 2324 66.

771 2386 968 2446 Facile
985 2417 1014 2433 -
1035 2387 1215 2445 scires
1237 2408 1304 2446 ..-..-..
1323 2383 1630 2445 desi-deri·
1657 2382 1720 2444 id
1735 2398 1802 2439 =
1825 2383 1963 2443 fie'ri
1988 2392 2111 2443 tuo.

610 2506 741 2565 Hos
769 2524 996 2579 versus,
1037 2514 1107 2565 ut
1133 2506 1328 2585 aliquo
1355 2506 1474 2565 sint
1500 2524 1764 2579 numero,
1792 2505 1955 2565 vides
1983 2502 2363 2564 resolvendos
2393 2521 2525 2563 esse
2550 2503 2611 2563 in
2640 2503 2791 2565 duos

609 2600 985 2671 ditrochasos,
1013 2600 1298 2680 syllabam
1327 2622 1432 2663 seu
1460 2601 1838 2683 semipedem,
1864 2612 1927 2662 et
1952 2601 2250 2663 creticum.

681 2694 786 2754 De
813 2694 930 2756 hoc
956 2704 1152 2755 autem
1191 2697 1460 2757 carminis
1505 2716 1721 2776 genere
1760 2718 1943 2757 unum
1971 2716 2145 2775 porro
2170 2693 2530 2756 monendum
2576 2703 2794 2771 restatg

609 2809 822 2870 nempe
848 2800 919 2850 ut
945 2793 1005 2849 in
1032 2794 1386 2853 tetrametris
1414 2794 1726 2873 generibus
1778 2804 1919 2852 sunt
1946 2792 2185 2872 quidam
2212 2810 2437 2864 versus,
2487 2790 2587 2868 qui
2629 2808 2795 2849 men-

611 2903 808 2945 suram
855 2887 1134 2947 trochaici
1165 2889 1486 2948 tetrametri
1529 2889 1883 2961 catalectici,
1912 2898 1974 2949 et
2016 2888 2251 2948 iambici
2280 2886 2594 2949 tetrametri
2634 2896 2797 2945 cata·

605 2980 806 3064 lectici
834 2999 953 3040 uno
980 2982 1132 3061 pede
1160 2983 1475 3056 excedunt,
1504 2983 1586 3044 ita
1614 2984 1674 3043 in
1704 2985 1817 3043 hoc
1846 3003 2059 3063 genere
2088 2993 2227 3043 suut
2262 2982 2522 3064 quidam,
2547 2980 2649 3059 qui
2678 2999 2797 3039 uno

614 3076 787 3155 pede,
832 3075 998 3155 justo
1044 3078 1305 3139 trimetro
1356 3078 1695 3160 prolixiores
1740 3091 1900 3151 sunt,
1928 3098 2077 3155 quos
2126 3078 2409 3137 iambicos
2436 3075 2799 3154 septenarios

618 3170 807 3240 dicas,
855 3172 1061 3248 quales
1090 3172 1326 3251 pauculi
1357 3184 1496 3232 sunt
1521 3174 1578 3231 in
1606 3173 1900 3243 Terenti0,
1948 3171 2147 3251 plures
2176 3172 2336 3250 apud
2364 3171 2678 3237 Plautum3
2722 3170 2799 3229 de

617 3282 864 3341 quorum
892 3274 1090 3323 tamen
1137 3284 1357 3345 magna
1401 3276 1568 3345 parte
1609 3267 1815 3325 merito
1859 3267 2109 3326 dubitari
2155 3266 2365 3345 possit,
2414 3276 2607 3325 utrum
2654 3264 2799 3325 satis

617 3356 748 3417 sani
775 3375 847 3417 ac
877 3357 1088 3418 sinceri
1107 3360 1250 3427 sint.
1337 3359 1693 3439 Hujusmodi
1719 3370 1862 3423 sunt
1886 3358 1947 3418 hi
1974 3380 2045 3419 ex
2073 3360 2230 3421 And.
2262 3380 2358 3419 xv.
2384 3362 2445 3419 4.
2480 3363 2539 3420 3.

681 3516 838 3567 Puer‘
854 3517 1018 3568 hercle
1035 3522 1118 3568 est
1136 3534 1184 3569 ·:
1220 3518 1403 3570 mulier
1415 3530 1502 3583 z,
1535 3518 1648 3570 tun’
1662 3518 2221 3585 ad·posuist¹=hnnc?
2255 3519 2337 3569 ub*
2350 3547 2371 3562 -
2390 3520 2496 3571 illic
2516 3521 2630 3571 est?

620 3628 697 3687 Et
724 3648 780 3688 v.
805 3628 864 3689 6.

685 3738 842 3793 Qnid‘
864 3739 1032 3790 turb-⁰
1051 3748 1132 3793 est
1149 3768 1170 3783 ·
1187 3742 1322 3807 apud
1346 3740 1613 3796 for-rum?
1647 3742 1768 3809 quid
1787 3771 1804 3784 ·
1822 3743 1929 3797 illic
1942 3756 2011 3796 ι·-
2022 3744 2278 3795 hominum
2298 3772 2317 3784 ·
2333 3745 2572 3810 litigant?

705 3868 820 3931 Hic
875 3868 1115 3947 quidem
1161 3891 1388 3945 versus,
1443 3875 1494 3935 si
1551 3875 1803 3955 singulis
1862 3873 2103 3955 syllabis
2163 3874 2335 3935 detur
2385 3874 2641 3935 maxima
2693 3892 2803 3935 sua

621 3964 941 4043 quantitas,
967 3965 1078 4025 erit
1119 3966 1187 4025 T.
1217 3977 1263 4027 t.
1289 3988 1344 4029 c.
1395 3970 1502 4030 sed
1549 3971 1613 4029 id
1655 3990 1861 4050 parum
1910 3971 2183 4031 convenit
2229 3970 2445 4031 homini
2500 3970 2803 4049 perturba·

625 4061 844 4120 tionem
873 4079 1146 4139 maguam
1175 4064 1491 4139 simulanti,
1519 4076 1583 4126 et
1608 4087 1731 4146 proe
1760 4079 1921 4127 metu
1948 4068 2160 4147 raptim
2184 4068 2359 4127 verba
2377 4064 2801 4144 praecipitanti:

623 4154 770 4232 quid
795 4156 956 4233 quod
985 4158 1210 4219 nullum
1237 4172 1460 4221 certum
1509 4172 1620 4225 est.⁴
1647 4163 1713 4223 in
1747 4163 2021 4223 Terentio
2048 4161 2400 4241 exemplum,
2442 4158 2803 4219 trochaicum

625 4258 1026 4313 tetrametrum
1054 4254 1462 4323 catalecticum
1489 4258 1754 4321 iambicis
1786 4259 2056 4320 trimetris
2084 4254 2493 4319 immiscendi:
2550 4273 2660 4315 nec
2688 4254 2813 4314 nisi·
