3234 4934
649 416 780 485 198
1431 454 1448 463 -
1515 422 1625 474 ιο.
1672 419 1999 471 annexus

1199 571 1456 633 Verebar
1485 587 1765 649 quorsum
1786 566 2095 627 evaderet:

1212 669 1424 727 Amore
1453 663 1745 737 abundas,
1771 661 2074 742 Antipho:

651 808 755 858 aut
781 795 1147 856 trochaicus:
1191 803 1275 865 ut,
1303 791 1460 851 Proh
1491 790 1687 850 Deum
1716 797 1893 868 atque
1916 785 2217 847 hominum
2246 784 2457 846 fidem:
2500 784 2685 847 rarius
2706 802 2833 845 mo-

650 904 931 965 nometer,
956 901 1043 963 ut,
1071 889 1230 958 Quid
1257 887 1404 949 illud
1431 896 1544 947 est.
2275 894 2286 903 ·

729 988 851 1048 Sed
879 987 954 1047 de
983 986 1074 1046 his
1102 1004 1223 1044 non
1249 1002 1400 1062 opus
1445 993 1539 1042 est
1585 992 1655 1039 ut
1700 980 2021 1059 quicquam
2064 976 2283 1049 dicam,
2331 995 2464 1036 cum
2491 985 2553 1036 et
2577 993 2709 1035 raro
2736 993 2833 1033 oc·

651 1095 909 1157 currant,
946 1092 1006 1143 et
1035 1102 1108 1143 ex
1131 1082 1199 1141 iis
1233 1101 1367 1161 quoe
1411 1077 1483 1139 de
1521 1078 1799 1138 trimetris
1841 1086 1903 1135 et
1938 1073 2291 1136 tetrametris
2338 1072 2613 1146 diximus,
2658 1070 2831 1131 facile

647 1182 882 1263 possint
903 1180 1174 1259 intelligi.

1029 1342 1142 1405 DE
1197 1341 1578 1403 LICENTIA
1635 1339 1895 1399 METRI
1950 1334 2469 1399 TERENTIANI.

729 1474 1002 1535 Diximus
1032 1492 1230 1554 supra,
1269 1488 1504 1532 carmen
1533 1468 1845 1529 iambicum
1874 1486 1911 1527 a
1938 1467 2180 1527 comicis
2208 1477 2573 1543 usurpatum,
2620 1473 2834 1545 praeter

643 1569 862 1651 pedem
889 1570 1166 1640 iambum,
1211 1568 1388 1629 etiam
1431 1566 1802 1647 spondaeum,
1844 1563 2110 1643 aliosque
2139 1561 2347 1642 pedes,
2384 1564 2653 1642 quisunt
2677 1562 2837 1641 ejus-

649 1666 787 1725 dem
829 1684 965 1725 cum
1008 1662 1292 1744 spondaeo
1338 1681 1652 1734 mensurae,
1695 1659 2057 1739 frequentius
2107 1657 2435 1719 admittere.
2518 1662 2835 1721 Dubitatur

648 1771 844 1821 autem
870 1762 1091 1821 interea
1117 1760 1267 1819 inter
1293 1758 1524 1830 doctos,
1553 1776 1751 1817 annon
1780 1771 1843 1816 et
1868 1775 1974 1835 pes
1997 1754 2249 1815 creticus
2276 1758 2397 1817 sive
2420 1754 2834 1835 amphimacer,

646 1858 748 1936 qui
777 1856 1126 1938 spondoeum
1155 1853 1406 1925 excedit,
1446 1854 1504 1912 in
1535 1863 1722 1914 metro
1747 1851 2099 1912 Terentiano
2126 1854 2323 1914 locum
2348 1853 2603 1914 habeat:
2644 1872 2835 1936 quan-

645 1970 822 2032 quam
850 1953 1004 2012 enim
1033 1950 1130 2011 alii
1159 1970 1462 2030 nunquam
1491 1949 1921 2011 admittendum
1952 1970 2086 2011 esse
2127 1961 2449 2020 censeant:
2495 1949 2593 2011 alii
2634 1959 2833 2011 tamen

645 2047 983 2120 admittunt,
1026 2045 1132 2107 sed
1180 2046 1433 2128 parcius.
1519 2046 1596 2105 Et
1642 2056 1801 2106 certe
1840 2046 2025 2126 siquis
2055 2046 2133 2107 ad
2161 2066 2425 2109 normam
2452 2046 2836 2126 virgilianam

643 2160 848 2204 omnes
877 2144 1062 2204 nostri
1113 2144 1340 2204 Comici
1390 2163 1564 2203 voces
1597 2162 1924 2222 vocumque
1954 2144 2461 2222 pronuntiationes
2490 2140 2834 2223 expenden-

643 2240 754 2301 das
783 2260 915 2301 esse
943 2240 1169 2312 credat,
1212 2240 1376 2300 nullo
1416 2240 1596 2298 modo
1638 2237 1851 2318 pedem
1881 2239 2059 2298 istum
2088 2239 2347 2319 effugere
2374 2240 2607 2318 poterit.
2688 2238 2831 2310 Sed,

641 2356 779 2397 cum
806 2336 1106 2397 heroicum
1133 2354 1369 2395 carmen
1398 2334 1578 2413 longe
1605 2352 1643 2391 a
1668 2333 1896 2392 comico
1924 2332 2219 2393 scribendi
2256 2333 2435 2393 modo
2478 2332 2679 2405 distet,
2721 2333 2835 2393 du-

641 2432 950 2493 bitandum
979 2450 1099 2491 non
1129 2440 1222 2489 est
1247 2430 1392 2508 quin
1421 2439 1484 2490 et
1509 2428 1659 2489 alius
1688 2447 1925 2509 quoque
1971 2426 2393 2509 pronuntiandi
2436 2428 2647 2489 modus
2676 2427 2833 2502 huic,

640 2528 789 2587 alius
830 2526 914 2585 illi
957 2526 1290 2587 conveniat.
1375 2524 1680 2584 Comoedia
1724 2524 1939 2603 quippe
1986 2523 2327 2603 popularem
2356 2524 2477 2585 fere
2504 2542 2833 2585 sermonem

639 2624 810 2683 nobis
839 2618 1115 2690 exhib'et3
1158 2621 1328 2700 cujus
1358 2619 1516 2701 apud
1547 2639 1753 2681 omnes
1782 2629 1990 2701 gentes
2020 2639 2147 2680 mos
2176 2631 2289 2693 est,
2316 2631 2385 2681 ut
2408 2640 2497 2681 eae
2519 2620 2830 2693 dictiones,

640 2738 777 2798 quae
809 2718 1168 2799 frequentius
1193 2726 1528 2789 occurrunt,
1551 2716 1941 2775 contractiore
1968 2715 2145 2777 modo
2175 2733 2337 2796 saepe
2366 2716 2830 2795 pronuntientur,

640 2824 704 2875 et
729 2814 910 2875 veluti
937 2816 996 2874 in
1022 2833 1202 2874 unam
1227 2814 1480 2874 coeant:
1523 2810 1687 2891 quod
1716 2823 1934 2885 tamen,
1972 2814 2023 2871 si
2048 2813 2142 2873 vel
2169 2814 2228 2872 in
2258 2812 2521 2875 oratione
2549 2814 2711 2891 gravi
2736 2812 2831 2873 vel

637 2913 699 2970 in
725 2911 962 2972 heroico
987 2912 1248 2971 carmine
1287 2910 1471 2983 fieret,
1511 2909 1823 2970 ridiculum
1864 2908 2184 2971 videretur.
2268 2908 2401 2971 Hoc
2444 2908 2623 2970 modo
2670 2907 2829 2988 apud

640 3017 940 3069 auctorem
969 3016 1236 3067 nostrum
1266 3025 1462 3079 voces,
1491 3006 1657 3086 quid,
1684 3004 1867 3087 quod,
1896 3006 2024 3080 sed,
2052 3010 2164 3068 ὅτε.
2194 3026 2331 3069 cum
2372 3023 2523 3067 voce·
2559 3005 2829 3087 sequenti

637 3104 1078 3184 quodammodo
1102 3104 1436 3165 coalescere
1465 3103 1758 3164 interdum
1788 3105 2090 3164 videntur:
2134 3115 2239 3163 ut:

722 3230 884 3289 Nihil
911 3240 1146 3310 propter
1171 3230 1326 3290 hanc
1353 3250 1516 3299 rem;
1559 3230 1668 3291 sed
1698 3242 1791 3291 est
1818 3230 1981 3311 quod
2009 3243 2323 3291 succenset
2350 3230 2472 3290 tibi.
2765 3318 2773 3325 .

721 3325 1019 3393 Quidnam
1048 3323 1183 3386 est?
1223 3325 1445 3405 puerile
1473 3336 1604 3409 est}
1649 3327 1794 3405 quid
1818 3326 1950 3387 est?
1992 3326 2173 3386 nihil:
2214 3326 2355 3405 quin
2385 3324 2502 3397 dic,
2528 3324 2672 3405 quid
2700 3328 2828 3389 est?

637 3452 761 3525 ubi,
792 3470 867 3510 ne
893 3471 998 3532 pes
1024 3452 1274 3511 creticus
1304 3452 1669 3526 admittatur,
1698 3453 1806 3514 sed
1828 3464 1943 3525 est,
1970 3464 2050 3527 et,
2072 3453 2213 3533 quid
2234 3464 2345 3527 est,
2363 3454 2536 3533 quasi
2562 3454 2624 3513 in
2646 3474 2827 3516 unam

637 3548 793 3608 coire
821 3546 1108 3625 syllabam
1139 3546 1455 3606 credimus.
1506 3546 1683 3615 Quod
1713 3559 1907 3609 autern
1932 3548 2028 3609 hic
2058 3550 2138 3609 de
2155 3551 2307 3632 pede
2334 3548 2552 3611 cretico
2580 3551 2825 3613 vitando

638 3642 912 3713 diximus,
960 3640 1036 3700 de
1063 3640 1275 3701 ceteris
1304 3642 1480 3701 etiarn
1510 3642 1959 3722 intelligendum
2002 3656 2097 3705 est
2134 3646 2237 3725 qui
2279 3645 2625 3725 spondaeum
2652 3668 2826 3709 exce·

639 3736 810 3798 dunt.
889 3736 993 3795 Sic
1038 3754 1175 3808 vox,
1219 3736 1400 3808 Nihil,
1447 3736 1505 3795 in
1558 3740 1743 3817 primo
1789 3738 1937 3819 pede
1964 3740 2170 3819 prioris
2200 3760 2403 3802 versus
2434 3743 2609 3804 modo
2638 3744 2822 3818 allati,

635 3829 1042 3911 monosyllaba
1071 3839 1198 3897 est:
1243 3850 1582 3910 quanquam
1632 3833 1691 3891 in
1737 3846 1948 3914 quarto
1990 3837 2143 3915 pede
2186 3839 2485 3917 sequentis
2522 3838 2825 3917 eleganter

638 3926 980 4007 disyllabice
1027 3927 1452 4004 pronuntietur.
1539 3929 1763 3991 Eodem
1794 3930 1972 3991 modo
2000 3952 2119 3991 non
2150 3933 2340 3992 solum
2370 3951 2567 4005 voces,
2610 3933 2823 4012 magis,

632 4032 716 4095 et,
759 4022 924 4094 satis,
969 4019 1080 4080 sed
1126 4022 1322 4094 etiam,
1366 4023 1625 4102 quidem,
1676 4025 1870 4099 simul,
1900 4028 2080 4107 apud,
2109 4039 2169 4088 et
2194 4040 2412 4102 tamen,
2439 4030 2534 4089 vel
2558 4029 2823 4089 ultimam

635 4112 861 4178 literam
889 4135 1048 4197 saepe
1075 4116 1279 4178 elisam
1307 4119 1546 4194 habent,
1597 4122 1691 4181 vel
1739 4123 1798 4182 in
1828 4142 2006 4184 unam
2036 4124 2323 4205 syllabam
2352 4124 2817 4191 contrahuntur:

639 4223 742 4272 ut:
