3234 4934
566 362 657 429 90
1021 370 1383 423 munius
1428 370 1722 420 nnmsu
1777 369 2296 420 mascarano.

571 519 738 580 Alter
764 515 915 575 enim
938 512 1145 573 vitium
1174 514 1399 573 Cratini
1425 512 1613 574 ridet:
1645 512 1794 573 alter
1821 510 2012 571 Naevii
2040 512 2348 573 miseriam.
2417 509 2753 572 Ridiculum

574 624 771 675 autem
798 630 834 669 a
858 610 1093 669 miseria
1120 609 1440 690 prudenter
1466 608 1818 669 Aristoteles
1847 608 2125 687 sejungit.
2207 607 2386 666 Risus
2429 608 2586 669 enim
2621 626 2755 667 cum

572 709 757 771 atroci
806 706 1057 786 alicujus
1109 706 1267 765 malo
1306 715 1412 766 aut
1438 706 1771 767 calamitate
1801 706 1852 765 si
1877 704 2228 784 conjunctus
2256 704 2352 775 sit,
2399 704 2668 765 immanis
2693 705 2762 763 fit

574 825 647 875 ac
673 805 973 865 barbarus.
1056 802 1171 862 Illa
1197 811 1393 862 autem
1422 801 1599 882 plane
1627 810 1794 862 extra
1821 801 2008 862 Novae
2036 801 2230 880 legem
2259 799 2582 859 Comoediae
2607 821 2623 860 ε

733 952 851 1021 Qui
877 950 1173 1033 perjurum
1199 950 1515 1011 convenire
1542 946 1669 1011 vult
1697 949 2018 1024 hominem,
2045 950 2216 1011 mitto
2243 950 2302 1009 in
2331 948 2627 1010 comitium
2641 970 2669 1029 ι;

741 1048 859 1118 Qui
887 1047 1229 1109 mendacem
1257 1058 1321 1109 et
1347 1046 1696 1128 gloriosum,
1719 1046 1880 1128 apud
1903 1046 2205 1107 Cloacinae
2229 1065 2479 1107 sacrum.

582 1194 661 1253 Et
684 1211 819 1271 quoe
848 1190 1061 1253 deinde
1084 1199 1427 1271 sequnntur.
1511 1188 1690 1257 Quod
1717 1189 1984 1270 profecto
2013 1197 2107 1250 est
2135 1208 2174 1249 a
2198 1189 2428 1270 pulpito
2453 1189 2532 1250 ad
2557 1188 2760 1268 plaus-

580 1299 733 1349 trum
762 1286 969 1348 redire.
1053 1287 1244 1367 Legat
1267 1296 1467 1347 cetera
1512 1286 1615 1364 qui
1643 1286 1822 1345 volet.
1903 1284 2026 1346 Sed
2060 1287 2215 1360 haec,
2243 1292 2314 1345 ὥς
2341 1288 2406 1347 ἐν
2430 1290 2768 1365 προθωρίαε

578 1390 756 1464 μέρει,
782 1382 969 1444 obiter
995 1381 1117 1442 sint
1136 1382 1318 1443 dicta.
1401 1382 1600 1454 Nunc,
1639 1379 1860 1459 ingenii
1887 1380 2198 1441 exercendi
2245 1400 2430 1442 causa
2455 1400 2525 1443 ac
2557 1379 2766 1467 judicii

582 1480 661 1541 ad
691 1480 927 1560 singula
952 1499 1177 1553 eamus,
1232 1488 1297 1540 et
1334 1488 1652 1558 utrumque
1697 1476 1876 1557 paulo
1902 1494 2082 1555 quam
2119 1478 2384 1556 plerique
2431 1478 2766 1539 accuratius

581 1575 979 1656 inspiciamus.
1061 1574 1323 1635 Primum
1350 1574 1413 1635 in
1452 1571 1764 1633 Comoedia
1795 1571 2256 1651 *ngoediaquz
2297 1584 2394 1632 est
2422 1573 2768 1654 Dispositio.

584 1672 797 1752 Neque
823 1670 1241 1743 dubitandum,
1266 1672 1433 1751 quin,
1462 1690 1595 1731 cum
1620 1670 1969 1730 Aristoteles
1989 1669 2068 1730 de
2085 1669 2487 1750 Dispositione
2509 1669 2776 1748 disputat

584 1768 938 1849 Tragoedioe,
962 1768 1141 1829 etiam
1168 1768 1489 1829 Comoediae
1514 1768 1682 1831 exiis
1704 1768 2016 1829 convenire
2028 1768 2312 1849 pleraque
2337 1764 2775 1840 existimaverit,

586 1864 702 1925 nisi
757 1864 941 1945 quod,
986 1874 1057 1925 ut
1107 1865 1393 1944 Tragicus
1448 1865 1732 1946 disponit,
1786 1866 1870 1925 ita
1914 1864 2192 1924 Comicus
2241 1880 2479 1943 quoque
2532 1861 2772 1922 invenit.

589 1961 757 2023 Alter
781 1962 937 2022 enim
966 1962 1183 2044 accipit
1206 1962 1282 2023 ab
1319 1962 1485 2023 aliis:
1530 1962 1680 2023 alter
1717 1962 1844 2043 ipse
1873 1962 1982 2023 sibi
2016 1961 2122 2022 dat
2149 1960 2310 2042 quod
2339 1958 2774 2039 disponendum

588 2067 714 2127 est:
774 2059 890 2119 nisi
927 2059 979 2119 si
1022 2060 1099 2119 ab
1140 2058 1256 2119 alio
1307 2058 1582 2120 desumat
1630 2070 2062 2141 argumentum,
2101 2068 2258 2119 certe
2303 2056 2462 2136 apud
2508 2056 2774 2115 Groecos.

591 2152 749 2213 Nam
778 2153 969 2213 Latini
1018 2153 1271 2214 Fabulas
1322 2154 1688 2229 Graecorum,
1740 2154 2143 2234 Dispositione
2191 2151 2621 2231 aliquantulum
2646 2150 2774 2229 ple-

593 2268 837 2328 rumque
866 2250 1169 2310 immutata
1196 2260 1259 2310 et
1281 2251 1572 2332 personis,
1612 2260 2049 2329 expresserunt.
2135 2251 2217 2307 Ut
2240 2266 2374 2309 eum
2405 2268 2438 2308 e
2469 2245 2783 2307 Menandri

598 2345 889 2405 Eunucho
918 2364 1083 2405 suam
1112 2347 1319 2423 paucis
1348 2346 1668 2406 immutatis
1695 2346 2003 2406 Terentius
2033 2346 2337 2425 expressit.
2421 2346 2510 2403 Ea
2534 2344 2780 2413 ratione,

598 2454 669 2499 ut
696 2442 904 2500 Davus
953 2439 1263 2513 Parmeno,
1314 2442 1556 2522 Chrysis
1584 2443 1788 2516 Thais,
1837 2442 2266 2501 Chaerestratus
2295 2440 2392 2501 hic
2420 2450 2582 2501 esset
2608 2438 2783 2500 Phae·

601 2535 745 2596 dria.
829 2535 1100 2607 Plautus,
1127 2536 1185 2595 in
1216 2537 1724 2616 Tragicoaeomieo
1753 2538 2196 2618 Amphitryone,
2218 2557 2378 2597 more
2404 2536 2784 2616 Tragicorum

605 2632 885 2691 Fabulam
930 2632 1159 2710 accepit
1204 2641 1264 2692 et
1310 2632 1638 2713 disposuit:
1683 2632 1790 2693 sed
1837 2641 1899 2693 et
1937 2633 2178 2693 nomina
2217 2632 2456 2692 retinuit
2496 2651 2569 2691 ex
2596 2642 2786 2710 parte,

540 2778 550 2783 -
606 2726 768 2806 quod
813 2747 931 2787 non
974 2728 1127 2788 solet
1162 2728 1221 2787 in
1269 2727 1613 2788 Comoedia:
1658 2748 1731 2788 ex
1777 2738 1964 2807 parte,
2003 2727 2160 2787 fecit.
2249 2726 2421 2787 Unde
2449 2744 2601 2799 raro,
2629 2729 2789 2785 inve-

605 2822 766 2883 nisse
814 2833 1222 2902 argumentum
1264 2823 1547 2903 Tragicus
1588 2824 1779 2884 Poeta
1805 2824 2040 2897 dicitur,
2086 2822 2274 2902 (quod
2317 2833 2422 2882 aut
2447 2842 2480 2883 e
2509 2823 2790 2884 relatione

607 2918 852 2978 aliorum
882 2930 986 2977 aut
1014 2938 1047 2977 e
1080 2918 1330 2998 scriptis,
1372 2930 1443 2979 ut
1485 2918 1748 2998 plerique
1791 2938 1864 2978 ex
1907 2918 2166 2980 Homero
2215 2928 2320 2979 aut
2369 2919 2555 2999 Cyclo
2583 2920 2790 3000 Epico,

606 3014 889 3094 petebant
912 3016 955 3091 z)
995 3024 1203 3075 contra
1228 3025 1425 3075 autem
1454 3017 1701 3077 Comici.
1785 3016 2157 3088 Aristoteles,
2183 3018 2245 3076 τὸ
2273 3014 2336 3074 δὲ
2360 3016 2560 3093 μῦθους
2585 3024 2790 3087 ποιεῖν,

604 3110 951 3190 Ἐπίχαρμος
988 3116 1079 3170 καὶ
1122 3112 1321 3189 Φόρμις
1348 3109 1535 3193 ἧρξαν.
1617 3111 1712 3170 Ita
1746 3130 1874 3171 eam
1906 3130 2129 3182 vocem,
2159 3129 2278 3169 non
2323 3120 2388 3168 ut
2414 3110 2672 3189 quidam,
2699 3110 2796 3172 hic

612 3204 857 3285 accipio,
942 3208 1138 3266 Μῦθος
1165 3207 1340 3279 enim,
1366 3216 1431 3265 ut
1458 3206 1677 3285 ubique
1725 3207 1848 3265 fere
1896 3206 2220 3278 Aristoteli,
2268 3224 2387 3264 non
2433 3204 2638 3265 drama
2679 3216 2794 3281 est,

614 3300 723 3361 sed
751 3320 824 3360 ea
850 3300 1026 3373 actio,
1053 3319 1086 3360 e
1114 3320 1233 3380 qua
1262 3300 1469 3360 drama
1498 3302 1894 3373 constituitur,
1922 3305 1957 3372 ἦ
1983 3307 2192 3379 πρᾶξις,
2223 3304 2256 3371 ἦ
2284 3315 2379 3372 τῆς
2405 3308 2798 3379 πραγματείας

619 3400 923 3457 odorans:
962 3394 1258 3474 quomodo
1305 3404 1366 3455 et
1392 3396 1628 3474 accipit,
1673 3416 1808 3455 eum
1855 3395 2023 3468 dixit,
2071 3400 2243 3475 μῦθοι·
2283 3394 2332 3455 δ’
2385 3398 2538 3457 ἐστὶν
2563 3394 2662 3471 εἷς,
2689 3402 2800 3479 οὐχ

618 3496 805 3569 ὥσπερ
831 3494 975 3552 τινὲς
1003 3494 1237 3567 οἴονται,
1266 3492 1369 3553 ἐὰν
1395 3496 1521 3569 περὶ
1550 3495 1656 3553 ἕνα
1685 3489 1743 3576 ᾖ.
1826 3492 1906 3551 Et
1943 3494 2072 3572 ipse
2109 3492 2456 3571 πολυμὺθους
2475 3512 2577 3553 eos
2602 3502 2800 3567 vocat,

620 3588 723 3667 qui
750 3587 843 3645 vel
869 3588 1082 3660 varias,
1108 3588 1201 3648 vel
1231 3607 1365 3667 quae
1391 3602 1654 3667 tempore
1673 3588 1904 3660 eodem,
1926 3590 2002 3648 ab
2031 3588 2169 3662 alio,
2197 3608 2315 3648 non
2347 3608 2489 3664 uno,
2505 3600 2566 3649 et
2585 3590 2794 3650 eodem

622 3693 809 3762 gestoe
836 3692 997 3755 sunt,
1023 3683 1412 3763 conjungunt.
1507 3683 1770 3764 Ideoque
1823 3682 2106 3744 Fabulam
2149 3683 2388 3763 eligere,
2441 3694 2506 3745 et
2553 3685 2800 3745 electam

622 3788 781 3839 recte
808 3798 879 3839 ac
906 3778 1111 3839 ordine
1150 3779 1482 3859 disponere,
1508 3791 1578 3840 ut
1604 3781 1792 3859 prima
1825 3779 2031 3852 virtus,
2069 3780 2152 3841 ita
2178 3780 2428 3860 primum
2456 3780 2802 3840 maximum-

625 3892 743 3954 que
769 3893 919 3954 opus
947 3884 1059 3937 est.
1118 3876 1189 3935 In
1220 3876 1640 3958 Amphitryone
1665 3896 2030 3938 maneamus.
2099 3878 2278 3951 Nam,
2303 3886 2372 3936 ut
2395 3883 2806 3956 argumentum

624 3970 741 4031 hoc
768 3971 1014 4052 accepit,
1050 3972 1135 4033 ita
1160 3971 1287 4051 ipse
1314 3992 1390 4033 ex
1433 3973 1613 4034 animi
1655 3974 1950 4034 sententia
1975 3972 2284 4054 disposuit.
2368 3972 2568 4041 Quare
2595 3970 2805 4052 potuit,

628 4079 699 4127 ut
722 4066 924 4140 voluit,
971 4068 1159 4148 ligare
1207 4069 1492 4131 Fabulam
1518 4090 1590 4131 ac
1628 4072 1872 4131 solvere.
1957 4071 2024 4130 In
2055 4090 2128 4130 ea
2171 4069 2350 4149 igitur
2385 4067 2586 4128 divina
2614 4066 2804 4129 δέσιεε

630 4161 777 4223 mira
802 4165 957 4225 enim
984 4166 1209 4227 ratione
1236 4165 1550 4247 impeditur
1591 4168 1638 4229 F
1641 4168 1816 4230 abula
1837 4178 1899 4229 et
1923 4168 2224 4230 intricatur
2253 4164 2427 4227 actio.
2511 4165 2594 4226 At
2617 4174 2808 4227 trans-
