3234 4934
602 336 733 403 12⁰
1532 344 1870 394 nunnus

601 492 863 551 trimetro
888 488 1077 567 magis
1107 488 1455 559 subsistunt,
1492 486 1794 559 collocari,
1823 498 1884 545 et
1905 487 2202 567 praecipue
2230 489 2390 569 apud
2420 491 2695 553 Plautum
2721 504 2784 555 et

605 588 879 648 Novium
907 595 969 645 et
1012 584 1345 645 Afranium.
1445 583 1599 643 Nam
1654 583 1714 642 hi
1761 583 2010 644 maxime
2055 604 2130 645 ex
2184 586 2454 647 omnibus
2511 590 2784 651 membris

600 701 875 743 versuum
897 700 915 749 3
952 679 1100 741 colis
1118 682 1194 741 ab
1217 682 1308 741 his
1328 682 1613 761 separatis
1631 682 1872 740 licenter
1894 680 1985 740 usi
2017 681 2382 762 reperiuntur
2395 684 2456 741 in
2477 684 2785 747 clausulis.

602 778 768 838 Idem
794 778 1135 838 Victorinus
1156 778 1215 836 in
1244 777 1361 836 alio
1382 777 1515 837 loco
1544 774 1619 835 de
1646 776 1842 835 iambo
1871 775 1956 835 sic
1985 776 2162 837 dicit:
2195 777 2562 857 Improbatur
2590 789 2784 843 autem

602 874 761 954 apud
790 875 1068 953 tragicos,
1104 892 1309 935 versus
1336 894 1407 935 ex
1450 874 1722 933 omnibus
1768 872 1978 932 iambis
2022 874 2420 954 compositus;
2480 894 2617 936 nam
2663 895 2784 956 quo

602 970 681 1033 sit
714 970 979 1051 amplior,
1006 979 1068 1030 et
1094 988 1199 1049 par
1224 969 1470 1049 tragicae
1513 968 1809 1049 dignitati,
1836 970 2218 1049 interponunt
2242 971 2606 1049 frequentius
2636 970 2788 1033 loci·

603 1066 895 1127 duntaxat
944 1066 1264 1147 imparibus
1318 1066 1535 1145 pedum
1584 1066 2010 1147 dactylicarum
2058 1086 2252 1127 moras
2299 1078 2364 1127 et
2415 1067 2787 1146 spondaeum.
2913 1118 2922 1129 .

604 1163 875 1223 Similiter
901 1162 1060 1243 apud
1086 1162 1343 1224 comicos
1368 1163 1562 1222 laxius
1589 1163 1844 1243 spatium
1872 1162 2076 1223 datum
2103 1174 2234 1223 est:
2279 1182 2413 1223 nam
2431 1174 2494 1223 et
2516 1163 2604 1222 illi
2632 1163 2786 1237 loca,

602 1277 738 1337 quae
778 1258 1011 1339 proprie
1058 1258 1349 1319 debentur
1392 1258 1625 1331 iambis,
1674 1259 1974 1338 spondaeis
2001 1268 2318 1339 occupant,
2344 1258 2699 1340 dactyloque
2727 1269 2792 1321 et

603 1364 909 1434 anapaesto
936 1352 1083 1415 locis
1112 1353 1362 1433 adoeque
1391 1352 1744 1433 disparibus.
1827 1354 1937 1427 Ita,
1967 1354 2109 1414 dum
2134 1355 2542 1434 quotidianum
2569 1374 2790 1417 sermo-

605 1470 745 1511 nem
769 1448 981 1511 imitari
1008 1450 1295 1524 nituntur,
1324 1461 1512 1513 metra
1538 1450 1768 1526 vitiant,
1815 1449 2038 1523 studio,
2080 1470 2200 1511 non
2236 1452 2566 1531 imperitia:
2627 1450 2820 1531 quod.

602 1546 965 1625 frequentius
994 1545 1152 1627 apud
1181 1557 1420 1608 nostros
1468 1567 1645 1627 quam
1693 1546 1852 1628 apud
1895 1546 2140 1607 Graecos
2189 1544 2469 1609 invenie&
2554 1547 2796 1611 Genera.

603 1652 801 1701 antem
818 1642 1051 1703 iambici
1078 1643 1245 1704 metri
1274 1651 1413 1703 sunt
1444 1641 1603 1702 duo:
1647 1660 1784 1701 nam
1811 1642 1976 1703 exiis
1993 1642 2110 1702 alia
2133 1642 2384 1721 integra,
2411 1642 2526 1703 alia
2548 1643 2792 1717 clauda,

603 1758 741 1817 quae
768 1748 1047 1799 scazonta
1090 1757 1193 1799 seu
1242 1738 1575 1799 choliamba
1611 1749 1847 1811 vocant,
1889 1748 2066 1799 sunt:
2106 1758 2354 1818 quorum
2401 1738 2790 1801 differentiam

601 1834 926 1913 penultima
949 1854 1155 1897 versus
1185 1836 1419 1915 syllaba
1443 1836 1889 1896 demonstrabit.
1951 1834 2128 1909 Nam,
2161 1835 2213 1894 si
2242 1834 2431 1895 brevis
2459 1834 2792 1915 contigerit,

604 1929 715 1991 erit
754 1940 975 1991 rectum
1018 1943 1080 1993 et
1120 1933 1411 2009 integrum
1458 1933 1792 2005 iambicum,
1820 1933 1936 1993 ita:
2004 1932 2244 2011 Vigor-is
2288 1931 2442 1993 adde
2487 1936 2788 1991 concitum

604 2024 849 2085 celerem
878 2026 1107 2107 pedem.
1192 2028 1299 2087 Sin
1339 2048 1479 2088 vero
1520 2027 1724 2107 longa,
1777 2028 2050 2089 delumbe
2095 2038 2158 2088 et
2201 2026 2502 2099 claudum,
2549 2035 2617 2087 ut
2661 2036 2792 2087 est:

605 2122 881 2183 Novitate
908 2123 1122 2185 ductus
1150 2136 1267 2187 non
1298 2134 1387 2184 est
1434 2132 1656 2206 inscitia
1684 2125 1854 2204 legis.
1939 2124 2019 2183 Le
2045 2124 2245 2202 longa,
2288 2144 2424 2203 quae
2463 2123 2788 2201 penultima

603 2217 910 2297 reperitur,
965 2228 1212 2279 metrum
1258 2220 1613 2298 corrumpit:
1672 2219 1850 2298 hujus
1899 2230 2158 2297 repertor
2194 2218 2530 2298 Hipponax.
2614 2218 2796 2289 Nam,

602 2332 709 2390 pro
728 2314 925 2373 iambo
951 2313 1209 2374 inductis
1236 2312 1511 2373 trochaeis
1538 2325 1749 2373 contra
1774 2314 1964 2392 legem
1995 2314 2238 2373 trimetri
2263 2313 2516 2385 iambici,
2537 2323 2790 2375 metrum

604 2407 920 2482 innovavit,
947 2408 1109 2487 quod
1138 2408 1387 2488 adaeque
1414 2430 1489 2469 ex
1517 2410 1806 2490 spondsao
1827 2407 2138 2488 contingit.
2261 2412 2264 2417 ’

1395 2674 2010 2721 3——'‘——=

964 2930 1337 2998 VERSUS
1386 2930 1738 2996 RUFINI
1781 2929 2422 2997 GRAMMATICI

814 3096 939 3158 ‘DE
968 3104 1239 3157 Mn‘rms
1272 3102 1615 3155 TERENTn
1651 3104 1738 3153 ΕΤ
1767 3102 2033 3153 PLAUTI
2067 3104 2163 3154 ET
2193 3104 2552 3156 Amonun.

764 3278 1106 3337 Aouoscrr
1132 3286 1399 3347 metrum,
1424 3286 1734 3355 servatque
1760 3275 2068 3337 Terentius
2099 3287 2304 3349 artem,

766 3374 919 3433 Nam
945 3372 1222 3452 prologos
1252 3372 1512 3431 trimetro
1540 3370 1749 3431 didicit
1783 3390 2131 3451 componere
2161 3392 2355 3443 versu,

764 3469 1201 3547 Scenarumque
1228 3477 1396 3526 actus
1424 3466 1642 3545 primos
1673 3466 1825 3545 pede
1854 3465 2080 3527 claudit
2105 3468 2335 3529 eodem.

767 3564 849 3622 Ut
874 3573 1017 3622 sunt
1039 3562 1103 3621 hi
1128 3580 1333 3623 versus
1356 3562 1624 3641 prologi:

757 3656 947 3717 Puera
972 3666 1104 3717 esim
1132 3664 1381 3736 primum
1406 3660 1666 3717 animum
1693 3657 1770 3718 ad
1797 3657 2174 3718 scribendum
2205 3659 2452 3740 appulit,

762 3752 823 3812 id
852 3753 968 3813 sibl
994 3758 1191 3831 negoti
1215 3752 1441 3811 credidi
1469 3752 1661 3813 solum
1691 3754 1818 3815 dari

761 3848 992 3930 Populo
1014 3858 1083 3908 ut
1109 3847 1404 3928 placerent
1429 3858 1579 3927 quas
1606 3850 1844 3911 fecisset
1872 3850 2154 3910 Fabulam

766 3945 889 4007 Vos
914 3954 1081 4006 istoec
1104 3953 1258 4005 intro
1285 3947 1535 4018 auferte,
1564 3949 1754 4017 {bites
1801 3950 1973 4009 Sosia

764 4040 1051 4103 adesdum
1077 4049 1283 4121 paucis
1310 4052 1365 4102 te
1395 4042 1550 4103 volo.
1635 4044 1871 4103 Dictum
1898 4049 2060 4123 puta.

765 4139 1161 4201 Tetrametros
1181 4142 1445 4219 sequitur
1472 4158 1648 4218 quem
1677 4142 1926 4201 finxerat
1951 4139 2052 4199 ille
2079 4138 2350 4198 Boiscus.
