3234 4934
1075 444 1179 491 ,w
1229 443 1484 493 uuTnA
1533 444 1927 495 'runnu-ru.
2450 435 2581 501 193

391 579 486 639 his
513 578 706 659 poetis
733 579 1208 659 frequentissima
1233 592 1366 651 est:
1411 602 1483 643 ea
1511 594 1709 646 autem
1736 586 1822 659 fit,
1865 606 2000 647 cum
2046 586 2181 648 duae
2226 588 2471 670 syllabae
2506 612 2581 652 ex

395 675 696 737 vocalibus
739 676 1083 757 compositae
1111 678 1170 737 in
1198 696 1378 737 unam
1401 679 1768 754 coalescunt,
1808 683 1915 743 ubi
1928 682 1999 745 id
2024 704 2119 746 res
2147 686 2269 747 fieri
2298 688 2581 765 postulat.

391 771 677 850 Exempla
703 771 762 829 in
792 772 1024 832 duabus
1054 773 1252 851 primis
1291 773 1506 833 fabulis
1554 794 1630 833 en
1678 776 1805 849 tibi,
1848 779 1953 839 sed
2004 779 2079 841 de
2123 781 2323 843 multis
2370 802 2581 862 pauca.

391 868 577 943 Deos,
593 868 1084 948 monosyllabum,
1108 878 1176 928 ut
1191 879 1272 941 et,
1291 888 1421 931 suo·
1467 871 1710 939 Quiesei
1730 873 2116 955 disyllabum3
2140 877 2582 957 grandiuscula,

391 966 855 1048 tetrasyllabum,
883 965 1072 1027 Andr.
1099 976 1220 1025 act.
1251 985 1348 1027 ιν.
1377 986 1463 1027 sc.
1491 970 1554 1029 5.
1601 972 1697 1030 19.
1736 971 1839 1039 ait,
1882 974 2385 1054 monosyllabum:
2433 974 2582 1035 ibid.

389 1075 510 1127 act.
541 1085 621 1125 11.
649 1084 738 1125 sc.
769 1064 830 1123 6.
865 1065 960 1123 19.
988 1072 1050 1125 et
1076 1062 1237 1123 alibi.
1302 1064 1414 1137 Ita,
1443 1063 1578 1137 fuit,
1603 1066 2097 1145 monosyllabum,
2122 1080 2191 1129 ut
2216 1069 2379 1149 apud
2415 1070 2587 1129 Gree-

390 1180 496 1222 cos
537 1162 597 1242 yi
640 1160 724 1234 in,
759 1160 1044 1240 harpyiae,
1073 1171 1136 1219 et
1171 1160 1232 1219 in
1276 1159 1550 1221 omnibus
1575 1162 1890 1240 praeteritis
1918 1164 2353 1247 participiorum
2376 1166 2584 1227 activae

390 1268 495 1319 aut
543 1256 814 1318 medialis
853 1255 1079 1327 formoe,
1124 1275 1262 1333 quae
1304 1255 1426 1316 sint
1464 1256 1713 1319 secundi
1754 1278 1957 1321 sexus.
2042 1261 2133 1319 lta
2166 1271 2246 1335 et,
2284 1263 2416 1335 siet,
2456 1282 2585 1323 mo-

388 1352 798 1435 nosyllabum:
841 1351 1085 1431 possiet,
1134 1352 1384 1411 duarum
1431 1353 1729 1413 interdum
1768 1365 1864 1414 est
1903 1355 2281 1435 syllabarum.
2364 1358 2487 1419 Sed
2514 1370 2588 1431 ‚et

388 1452 562 1531 hujus
589 1452 796 1530 figurae
825 1448 1098 1527 exempla
1123 1458 1262 1507 sunt
1289 1448 1450 1528 apud
1477 1448 1784 1528 Virgilium
1811 1451 1956 1511 satis
1984 1452 2189 1513 multa.
2218 1476 2225 1481 ·

473 1546 561 1606 M.
605 1548 674 1603 In
701 1543 898 1605 medio
924 1544 1196 1604 dictionis
1223 1542 1505 1603 eliditur:
1547 1544 1739 1606 Andr.
1767 1556 1885 1607 aet.
1918 1566 1968 1607 1.
1997 1566 2085 1609 sc.
2120 1552 2173 1608 1.
2196 1550 2294 1609 64.

555 1648 572 1677 ‘
603 1641 934 1721 Quicquam
960 1639 1262 1713 attine-re,
1288 1640 1445 1700 enim
1469 1658 1644 1702 ve-ro
1672 1651 2005 1723 spectatum
2034 1644 2222 1705 satis!

474 1738 627 1799 Ibid.
657 1756 746 1798 sc.
777 1740 836 1798 3.·
871 1739 926 1797 1.
970 1742 988 1769 ‘
1019 1735 1194 1794 Enim
1222 1755 1410 1810 ve-ro,
1441 1736 1653 1809 Dave,'
1678 1742 1793 1799 dcc.

360 1854 368 1861 ·
395 1836 507 1896 Est
533 1842 908 1915 anapaestus:
946 1851 1152 1892 versus
1182 1842 1380 1893 autem
1401 1842 1496 1894 est
1521 1836 1885 1895 octonarius.

473 1930 628 1991 Ibid.
653 1939 772 1991 act.
801 1946 916 1990 111.
941 1948 1029 1989 sc.
1058 1931 1118 1987 2.
1159 1930 1260 1988 23.
1329 1928 1490 1989 Ante
1530 1940 1963 1991 consonantem
2002 1932 2065 1991 in
2106 1952 2253 1993 voce
2294 1936 2584 2014 sequenti,

392 2027 647 2089 eliditur.

553 2130 574 2159 ⁴
597 2110 774 2182 certe
817 2120 974 2181 enim
1021 2118 1180 2180 scio:
1221 2137 1344 2199 non
1391 2120 1536 2180 satis
1583 2139 1681 2181 me
1722 2121 1987 2200 pernosti
2030 2122 2211 2183 etiam
2236 2121 2429 2203 qualis
2459 2126 2587 2201 sim,

675 2218 886 2277 Simo!

393 2316 503 2376 Est
529 2312 804 2395 dactylus
827 2314 889 2373 in
915 2312 1104 2391 prima
1131 2310 1296 2371 sede.
1365 2310 1590 2371 Versus
1619 2320 1713 2373 est
1739 2320 2077 2375 tetrameter
2100 2314 2419 2394 perfectus.

472 2410 625 2472 Ibid.
642 2421 760 2471 act.
785 2431 880 2471 ιν.
899 2428 985 2471 sc.
1007 2412 1066 2469 5.
1090 2410 1149 2468 7.
1179 2414 1196 2443 ‘
1217 2406 1370 2468 Itan’
1391 2408 1600 2494 Chrys'
1623 2408 1801 2469 hem?
1827 2429 1937 2471 nos
1960 2408 2201 2491 quidem
2220 2411 2323 2493 pol
2346 2412 2588 2473 miseras

550 2506 847 2587 perdidit!
1646 2580 1649 2585 Ι

465 2602 718 2662 Eliditur
734 2602 781 2660 L
794 2602 876 2674 in,
890 2597 1177 2673 ille,illos,
1195 2597 1330 2671 illis,
1347 2602 1459 2658 sce.
1504 2598 1581 2656 Et
1597 2598 1725 2658 aliis
1746 2600 2119 2679 quibusdam.
2164 2602 2417 2664 Eliditur
2430 2613 2493 2664 et
2508 2604 2589 2678 D,

392 2700 536 2759 utin
559 2698 716 2759 Eun.
734 2706 850 2757 act.
877 2715 958 2757 11.
979 2714 1069 2755 sc.
1085 2698 1150 2756 2.
1191 2693 1443 2755 Eliditur
1464 2712 1704 2775 quoque
1724 2696 1803 2771 R,
1822 2707 1893 2758 ut
1908 2700 2062 2759 bene
2084 2718 2121 2759 a
2140 2698 2369 2761 Faiirno
2390 2702 2593 2760 obser·-

389 2804 595 2857 vatum
618 2795 751 2855 fuit.
791 2792 1066 2853 Graviter
1097 2793 1298 2870 itaque
1337 2792 1542 2870 lapsus
1569 2803 1666 2853 est
1690 2794 1983 2866 Muretus,
2010 2794 2114 2874 qui
2142 2812 2267 2854 non
2288 2794 2503 2855 viderit
2526 2796 2613 2869 in,

393 2911 568 2953 versu
595 2889 883 2971 AEschyli,
925 2907 1104 2967 quem
1141 2887 1272 2979 ipse
1310 2887 1552 2966 profert,
1590 2886 1841 2966 primam
1878 2888 1966 2962 in,
2006 2888 2293 2969 morphen
2322 2890 2427 2949 Gr.
2456 2910 2593 2950 esse

389 2989 650 3057 brevem,
691 2994 930 3063 propter
969 2982 1028 3039 R.
1065 2979 1389 3058 liqui-dam:
1432 2983 1598 3059 atqui
1632 2983 1721 3042 sic
1766 2993 1879 3043 est.
1962 2983 2137 3044 Unde
2164 2983 2323 3063 apud
2352 2987 2589 3063 poetam
2708 3048 2718 3052 ,

395 3082 694 3153 Graecum,
721 3088 792 3139 ut
817 3075 1050 3139 ostendi
1077 3076 1220 3134 olim
1244 3074 1322 3133 ad
1343 3073 1665 3134 Phoedrum
1682 3096 1703 3136 ι
1728 3078 1949 3157 pherbe
1969 3079 2141 3150 boas,
2170 3077 2391 3155 pherbe
2412 3080 2591 3151 mela,

393 3182 507 3238 dcc.
563 3177 674 3237 Est
698 3183 898 3235 autem
935 3172 1363 3234 hexametrum.
1445 3172 1791 3233 Secundum
1822 3172 1999 3246 illud,
2045 3173 2287 3252 pherbe,
2320 3174 2592 3254 junctum

391 3293 527 3335 cum
558 3272 810 3355 syllaba,
855 3289 946 3345 as,
991 3267 1254 3330 effecerit
1293 3266 1809 3347 palimbacchium,
1847 3269 1950 3348 qui
1984 3287 2093 3349 pes
2134 3266 2315 3349 plane
2351 3270 2427 3329 ab
2473 3270 2591 3329 hoc

283 3406 294 3415 ·
393 3388 611 3449 genere
653 3368 883 3429 alienus
927 3374 1040 3426 est.

475 3465 662 3524 Elisio
687 3462 987 3525 interdum
1011 3458 1182 3522 nulla
1207 3469 1322 3525 est.

395 3560 676 3619 Breviant
699 3558 994 3619 interdum
1025 3558 1250 3619 Comici
1276 3578 1412 3639 quae
1442 3555 1543 3617 alii
1569 3556 1927 3637 producunt,
1964 3565 2033 3617 ut
2075 3556 2104 3613 1
2148 3556 2231 3631 in,
2260 3557 2377 3630 abi,
2404 3556 2591 3618 Andr.

395 3663 514 3714 act.
547 3674 592 3711 1.
625 3673 710 3713 sc.
739 3656 800 3711 5.
825 3655 926 3712 20.
951 3653 1068 3724 bis,
1113 3664 1176 3713 et
1201 3664 1322 3715 act.
1353 3674 1413 3714 v.
1441 3673 1531 3715 sc.
1559 3653 1619 3713 6.
1655 3655 1753 3713 14.
1830 3652 1926 3713 Ita
1971 3651 2281 3721 Terentius
2327 3652 2594 3713 ultimam

391 3748 637 3829 corripit
683 3748 768 3819 in,
808 3766 1003 3820 mane,
1043 3758 1160 3807 act.
1207 3767 1305 3809 ιν.
1345 3768 1432 3809 se.
1474 3752 1538 3807 4.
1579 3750 1679 3808 21.
1725 3747 1810 3821 in,
1839 3748 2004 3826 jube,
2042 3757 2159 3810 act.
2192 3768 2255 3807 v.
2286 3768 2373 3809 sc.
2400 3750 2460 3807 4.
2492 3750 2594 3806 53.

392 3848 476 3919 in,
518 3854 673 3916 tace,
717 3844 872 3904 Eun.
916 3853 1032 3902 aet.
1077 3862 1190 3906 111.
1221 3863 1308 3903 se.
1334 3865 1391 3902 v.
1435 3847 1538 3902 23.
1581 3846 1695 3903 διο.
1740 3843 1901 3922 quia,
1949 3854 2017 3903 ut
2056 3845 2285 3924 opinor,
2310 3862 2385 3904 ea
2414 3842 2595 3905 verba

393 3952 566 4003 erant
589 3951 650 4002 et
675 3936 958 4001 secundae
987 3948 1050 3999 et
1073 3939 1262 3999 tertioe
1287 3936 1639 3998 inflexionis.

1219 4120 1364 4181 ME.
1445 4119 1570 4179 TE.
1655 4119 1774 4180 SE.

477 4246 594 4308 Pro
625 4266 718 4306 un
745 4247 1028 4307 dicebant
1055 4268 1196 4308 nnn
1223 4268 1238 4307 ε
1279 4256 1348 4307 ut
1377 4247 1565 4306 Andr.
1595 4258 1711 4307 aet.
1744 4266 1839 4308 ιν.
1870 4265 2031 4307 scen.
2060 4249 2119 4305 4.
2151 4250 2208 4306 5.

641 4350 658 4377 ‘
691 4344 953 4423 Reliquit
979 4345 1112 4405 med
1135 4344 1333 4415 home,
1377 4354 1556 4421 atque
1585 4344 1763 4414 abiit:
1790 4348 1900 4401 &c.

538 4440 715 4506 Delph.
737 4446 785 4490 et
809 4441 922 4493 Ver.
946 4442 1074 4489 Clas.
1436 4439 1625 4489 Terent.
2413 4440 2463 4489 N
