3234 4934
626 374 757 442 192
1156 388 1227 438 r.
1279 384 1500 435 um
1551 384 2303 437 onssnurmuoums

628 528 910 593 credibile
933 529 1058 601 fiat,
1088 528 1441 601 Molossum,
1469 528 1570 607 qui
1597 536 1769 587 tento
1795 525 2029 605 longior
2056 534 2119 587 et
2154 525 2539 606 ponderosior
2584 526 2662 587 sit
2688 526 2819 588 eliis

627 627 898 707 pedibus,
942 624 1042 684 hic
1085 644 1121 684 a
1146 625 1420 685 Terentio
1469 633 1817 702 usurpatum
1870 620 2074 682 fuisse.
2184 623 2338 683 Dein
2384 632 2592 701 posset
2645 623 2823 682 etiam

630 740 762 784 esse
793 722 1088 795 Creticus,
1119 740 1192 781 ex
1214 740 1288 782 ea
1317 721 1727 781 observatione
1768 739 1907 799 qum
1952 719 2221 797 superius
2263 719 2459 798 posita
2504 728 2618 789 est,
2666 716 2824 778 circa

628 834 977 897 pronomen,
1003 818 1137 890 iste,
1165 827 1227 877 et
1251 816 1388 885 ille3
1432 816 1593 895 quod
1623 825 1817 874 tamen
1849 815 1947 873 hic
1973 833 2175 874 verum
2205 832 2337 873 esse
2368 832 2487 873 non
2514 824 2681 894 puto.

711 912 1025 985 Bacchius,
1053 932 1160 972 seu
1189 910 1518 983 Baccheus,
1565 909 1627 968 id
1664 919 1776 982 est,
1826 909 2045 982 brevis,
2089 910 2291 989 longe,
2340 909 2543 989 longa,
2586 908 2821 969 videtur

631 1010 844 1070 alicubi
873 1009 1130 1088 reperiri,
1157 1008 1321 1088 quod
1351 1020 1548 1067 tamen
1577 1006 1773 1065 minus
1794 1024 1993 1067 verum
2020 1016 2133 1067 est.

790 1104 976 1165 Andr.
1005 1114 1122 1165 act.
1153 1124 1262 1164 111.
1295 1122 1379 1164 sc.
1412 1107 1466 1163 1.
1495 1108 1554 1161 4.
1605 1109 1623 1137 ‘
1647 1100 1768 1161 Sed
1809 1102 1907 1161 hic
1950 1102 2365 1181 Pam-philus:
2430 1100 2579 1181 quid
2632 1100 2823 1161 dicit?

989 1199 1242 1259 firmavit
1267 1197 1486 1257 fidem!
2818 1230 2825 1238 ·

630 1292 768 1354 Non
797 1304 909 1364 est,
937 1295 1213 1373 inquam:
1254 1312 1390 1352 nam
1416 1310 1652 1352 versum
1680 1291 1767 1351 ite
1792 1290 2067 1363 scribere,
2096 1293 2182 1350 ita
2206 1292 2394 1353 metiri
2420 1291 2739 1352 debemus:

789 1389 911 1449 Sed
935 1388 1034 1449 hic
1060 1388 1372 1468 Pampilu’,
1399 1387 1542 1467 quid
1569 1385 1783 1447 ‹li-cit?
1824 1386 2077 1448 firmavit
2100 1387 2298 1447 fidem.

633 1484 861 1544 Extrito
889 1486 932 1543 S
960 1485 1158 1544 finali:
1200 1503 1321 1563 qua
1342 1483 1418 1543 de
1445 1502 1508 1542 re
1531 1502 1668 1543 mox
1694 1503 1711 1542 ε

793 1580 929 1641 Act.
949 1598 1062 1639 111.
1091 1598 1178 1641 sc.
1203 1583 1260 1639 3.
1281 1584 1377 1642 32.
1422 1586 1440 1615 ⁴
1465 1580 1677 1659 Neque
1698 1578 1863 1639 illum
1882 1578 2041 1639 hanc
2060 1589 2346 1660 perpetuo
2367 1580 2607 1653 habere,
2630 1598 2823 1659 neque

947 1694 1044 1736 me
1069 1674 1338 1754 perpeti.'

633 1767 770 1829 Non
799 1778 893 1829 est
920 1769 1263 1839 Baccheusz
1305 1781 1402 1831 est
1428 1781 1807 1851 enapaestusz
1849 1788 1987 1830 nam
2015 1768 2172 1850 prior
2188 1772 2271 1845 in,
2290 1769 2476 1845 illum,
2496 1773 2823 1832 communis

497 1926 506 1935 ,
635 1875 731 1925 est
757 1866 916 1946 apud
946 1868 1213 1928 Veteres.

793 1960 943 2021 Ibid.
975 1966 1076 2024 34.
1119 1970 1137 1998 ⁴
1163 1964 1244 2023 At
1267 1965 1422 2024 istuc
1449 1964 1736 2044 periclum
1763 1963 1826 2022 in
1852 1962 1974 2022 filia
2000 1962 2143 2035 fieri,
2172 1980 2349 2041 grave
2377 1962 2508 2021 est!

633 2057 844 2137 Neque
872 2058 968 2118 hic
998 2058 1306 2120 Baccheus
1333 2070 1447 2133 est,
1475 2080 1610 2121 cum
1637 2061 1890 2139 priorem
1916 2058 1999 2133 in,
2026 2060 2202 2131 istuc,
2228 2057 2383 2129 istic,
2428 2066 2490 2117 et
2516 2054 2653 2117 aliis
2674 2058 2829 2117 bene

630 2153 833 2214 multis
878 2154 939 2213 id
981 2174 1169 2233 genus
1205 2157 1538 2216 nominibus
1563 2154 1744 2215 modo
1772 2154 2013 2234 longam
2043 2154 2307 2214 facerent
2330 2152 2599 2231 Antiqui,
2649 2152 2825 2211 modo

628 2248 904 2309 brevem:
949 2268 1086 2309 nam
1113 2251 1199 2324 th,
1226 2262 1294 2310 ut
1321 2256 1357 2311 θ
1384 2250 1544 2331 apud
1572 2250 1843 2321 Groecos,
1892 2260 1985 2308 est
2034 2248 2182 2307 levis
2230 2247 2435 2306 sibilus
2464 2258 2713 2318 tentum,
2764 2246 2829 2305 id

630 2355 746 2417 est,
785 2363 960 2425 poene
989 2346 1155 2405 nihil.
1239 2346 1414 2405 Adde
1439 2345 1627 2424 quod,
1664 2343 1969 2424 periclum,
2006 2340 2345 2403 necessario
2372 2340 2613 2420 long-um
2642 2342 2823 2401 estin

632 2439 920 2511 secunda,
959 2458 1096 2498 nam
1125 2438 1273 2499 illud
1301 2441 1328 2499 Ι
1357 2450 1494 2500 ante
1520 2441 1715 2520 ipsam
1742 2438 2207 2499 decurtationem
2234 2436 2477 2515 long-um
2504 2446 2651 2496 erat.

710 2535 754 2592 S
781 2533 932 2614 perit
959 2543 1098 2593 ante
1125 2543 1575 2595 consonantem.
1658 2534 2005 2595 Lucretiusz
2049 2531 2277 2592 Ennius
2304 2552 2320 2591 ι
2362 2531 2653 2592 Plautus:
2682 2532 2827 2593 Tra-

633 2628 748 2706 gici
775 2638 1023 2688 veteres.
1108 2629 1220 2701 Ita,
1253 2630 1440 2701 hem',
1469 2629 1667 2709 magi',
1697 2628 1889 2702 tristi’,
1917 2628 2121 2703 omni’,
2148 2631 2267 2688 &c.
2348 2626 2355 2633 ’

711 2722 754 2778 S
783 2722 933 2800 perit
975 2734 1113 2782 ente
1140 2723 1446 2783 vocalem:
1509 2724 1843 2804 exemplum
1901 2723 2133 2804 insigne
2183 2739 2296 2796 est,
2345 2723 2531 2783 Andr.
2562 2734 2679 2783 act.
2714 2740 2825 2782 111.

873 2837 959 2876 sc.
995 2819 1048 2876 1.
1083 2820 1146 2878 8.

791 2918 808 2945 ‘
833 2912 1064 2971 Bonum
1091 2913 1395 2992 ingenium
1421 2928 1627 2975 nerins
1656 2913 2122 2975 adole-scentis:
2166 2913 2501 2993 optimum.²

631 3006 748 3068 Ubi
799 3010 1134 3069 necessario
1181 3008 1685 3087 pronuntiandum
1732 3020 1846 3085 est,
1888 3011 2077 3073 scent’
2124 3011 2409 3089 optimum
2434 3030 2450 3070 ε
2492 3010 2643 3089 perit
2670 3010 2823 3069 enim

632 3103 672 3161 S
698 3123 715 3163 z
759 3114 820 3163 et
845 3104 912 3163 fit
941 3104 1320 3185 synaloephat
1364 3115 1454 3165 est
1479 3117 1677 3166 eutem
1705 3106 1967 3167 trimeter
1994 3107 2301 3166 iambicus.

791 3201 929 3257 Act.
957 3220 1052 3257 ιν.
1083 3218 1168 3260 sc.
1201 3204 1260 3259 5.
1293 3204 1349 3257 ¹7.
1393 3206 1410 3235 ⁴
1435 3202 1587 3258 Itan’
1632 3200 1879 3279 Chrysis
1900 3198 1929 3256 ’ἕ
1967 3200 2141 3259 hem!
2182 3217 2292 3259 nos
2318 3198 2563 3277 quidem
2586 3198 2689 3277 pol
2718 3199 2825 3258 mi-

943 3312 1104 3353 seras
1131 3292 1429 3371 perdidit.'

633 3386 766 3461 Ubi,
793 3404 928 3448 cum
957 3389 999 3446 S
1029 3398 1232 3465 pereat
1259 3388 1341 3459 in,
1371 3388 1641 3467 Chrysis,
1670 3389 2101 3467 pronuntiabis,
2131 3388 2368 3468 Chrys',
2396 3389 2552 3448 hem.

792 3480 940 3541 Ibid.
979 3484 1072 3541 14.
1115 3488 1132 3516 ⁶
1159 3482 1404 3561 Semper
1430 3486 1586 3543 enim
1607 3481 1771 3544 dicte
1798 3493 1891 3544 est
1926 3483 2056 3563 ejus
2097 3483 2250 3557 haec,
2294 3494 2471 3563 etque
2497 3482 2703 3545 habita
2730 3496 2825 3546 est

1232 3597 1396 3638 soror
1419 3578 1457 3638 τ’

629 3672 1128 3751 pronuntiandum
1155 3682 1267 3746 est,
1293 3675 1381 3753 ju'
1416 3673 1569 3747 hoec,
1596 3693 1720 3736 una
1762 3675 1993 3755 syllaba
2018 3695 2123 3755 per
2152 3676 2463 3755 synizesin,
2494 3696 2599 3736 seu
2625 3675 2825 3736 consi-

630 3767 911 3829 dentium.
995 3767 1117 3827 Sed
1145 3768 1428 3848 exemplis
1475 3788 1689 3850 parco:
1734 3782 1875 3831 sunt
1900 3773 2055 3831 enim
2084 3772 2557 3833 innumerabilia.
2639 3771 2819 3843 Hinc,

631 3864 820 3925 obiter
843 3864 1060 3936 dicam,
1092 3863 1264 3924 facile
1293 3864 1491 3926 discas
1519 3885 1657 3945 quse
1686 3865 1847 3946 apud
1872 3878 2101 3927 veteres
2131 3868 2373 3928 Latinos
2400 3865 2823 3947 pronuntiandi

629 3960 805 4021 fuerit
831 3961 1001 4032 ratio,
1045 3970 1105 4019 et
1147 3970 1508 4042 quantopere
1557 3962 1661 4022 illa
1710 3964 1819 4023 sub
1844 3963 2007 4024 Julio
2029 3975 2090 4024 et
2118 3965 2449 4025 Octaviano
2477 3964 2817 4024 Caesaribus

633 4056 854 4116 variare
875 4054 1137 4133 coeperit.

715 4150 1124 4222 Considentie,
1149 4168 1278 4226 seu,
1303 4159 1371 4211 ut
1389 4150 1617 4213 Grecis
1640 4151 1873 4228 dicitur,
1904 4154 2206 4235 animis,
2238 4156 2367 4216 eliis
2396 4154 2729 4236 synai-esis,
2758 4155 2819 4216 in
