3234 4934
620 360 749 427 158
1232 375 1503 425 iunius
1548 374 1805 425 οτι-»ΒΑΕ
1853 373 2268 423 sesmaria.

618 542 693 582 ne
721 524 796 583 ab
822 522 937 580 illis
963 521 1246 582 barbarus
1276 520 1601 601 appelletur
1625 542 1640 581 ε
1683 532 1992 599 propterea
2017 519 2179 598 quod
2219 518 2519 589 Germani,
2549 536 2794 598 praeser·

619 619 723 677 tim
760 630 1050 679 nostrates
1079 617 1393 689 Vindelici,
1438 618 1658 688 Carini,
1705 616 1924 688 Norici,
1971 616 2110 675 item
2161 616 2358 687 Suevi,
2405 616 2669 675 Saxones
2713 614 2797 674 ita

619 714 765 775 illud
806 716 1041 775 verbum
1087 715 1484 794 pronuntiant,
1526 714 1619 771 vix
1649 724 1716 771 ut
1743 731 1870 771 eam
1901 712 2162 771 vocalem
2189 708 2492 769 exaudias.
2575 709 2795 770 Verum

620 811 910 891 equidem,
950 832 1141 892 neque
1168 812 1417 872 irridebo
1444 820 1742 869 maternos
1772 828 1912 867 avos
1943 827 2126 879 meos,
2155 824 2347 885 neque
2371 806 2626 865 hominis
2653 826 2796 865 con·

621 905 834 981 silium,
878 910 1093 988 quippe
1134 908 1232 989 qui
1275 925 1495 965 memor
1536 905 1644 963 sim
1685 904 1810 983 ejus
1839 923 2042 965 versus
2073 923 2142 962 ex
2173 902 2432 962 Casina:
2475 911 2491 937 ⁴
2519 903 2695 961 Nunc
2719 922 2798 963 ne

620 1016 685 1063 tu
712 1004 1066 1083 respondere
1092 1001 1357 1083 postules
1384 1022 1479 1061 me
1508 999 1655 1059 tibi:
1734 1000 1866 1058 Non
1899 1000 2074 1077 igitur
2098 997 2384 1077 judicium
2413 998 2800 1078 reprehendo,

623 1099 729 1159 sed
748 1098 957 1178 judicii
980 1100 1197 1159 locum.
1283 1098 1351 1155 Ei
1378 1097 1532 1155 enim
1561 1094 1754 1155 versui
1781 1096 2001 1173 optimo
2030 1105 2210 1173 atque
2234 1094 2624 1173 pulcherrimo
2652 1114 2800 1175 qua-

620 1194 814 1266 drat0,
836 1214 911 1253 ex
932 1194 1175 1266 Andria,
1202 1194 1356 1252 hanc
1382 1192 1649 1272 injuriam
1669 1190 1959 1249 faciebat:
1991 1198 2008 1225 ‘
2027 1192 2177 1249 Cum
2200 1190 2250 1249 is
2269 1190 2416 1250 nihil
2435 1204 2798 1270 promereat:

623 1289 942 1367 postulare,
988 1290 1047 1348 id
1078 1289 1283 1367 gratiss
1310 1287 1528 1368 apponi
1559 1285 1712 1345 sibi!
1790 1282 2008 1345 Vemm
2035 1297 2096 1345 et
2120 1286 2216 1346 hic
2247 1286 2395 1345 nihil
2423 1307 2667 1347 necesse
2695 1288 2802 1347 ha-

620 1388 764 1445 beas
794 1384 1123 1457 concidere,
1154 1396 1214 1445 et
1238 1384 1483 1462 primam
1512 1392 1722 1441 natura
1747 1400 1881 1439 cum
1909 1381 2203 1461 corripiat,
2230 1402 2348 1442 non
2377 1384 2568 1463 potuit
2595 1382 2800 1445 sibilus

620 1481 1040 1561 impedimento
1068 1500 1199 1540 esse
1228 1480 1289 1539 in
1317 1479 1416 1539 illo
1441 1478 1679 1538 Casinae
1702 1496 1896 1549 versu,
1918 1476 2058 1555 quin
2083 1479 2258 1537 unico
2284 1490 2511 1539 tantum
2541 1492 2801 1561 tempore
2859 1530 2862 1535 .

622 1578 1013 1655 proferretur:
1056 1577 1275 1635 factum
1302 1575 1458 1634 enim
1487 1584 1579 1634 est
1617 1594 1711 1647 ex,
1755 1592 1956 1653 posse,
1999 1582 2058 1631 et
2100 1574 2304 1634 tolere.
2391 1576 2600 1655 Neque
2647 1575 2802 1635 enim

623 1672 821 1733 literas
848 1670 1249 1751 geminabant,
1278 1670 1437 1750 quod
1465 1671 1643 1730 etiam
1671 1669 1846 1728 durat
1869 1668 1929 1727 in
1957 1669 2274 1747 praeterite,
2302 1669 2503 1730 tetuli:
2532 1686 2594 1731 et
2621 1679 2804 1731 teram

628 1766 873 1847 simplici
902 1768 1190 1828 elemento
1220 1769 1497 1847 scriptam
1544 1768 1602 1825 in
1650 1766 1816 1825 libris
1858 1784 2168 1844 augurum,
2213 1765 2296 1825 ait
2323 1765 2546 1825 Varro:
2589 1778 2651 1827 et
2683 1766 2805 1827 hoc

627 1872 827 1921 monet
852 1881 962 1921 nos
986 1862 1250 1941 plurimis
1279 1862 1425 1922 locis
1455 1861 1714 1934 Verrius,
1763 1861 2006 1941 ejusque
2033 1861 2318 1940 interpres
2347 1875 2524 1941 atque
2551 1862 2806 1924 imitator

629 1960 865 2019 Festus.
948 1960 1219 2020 Ceterum
1250 1960 1527 2020 Erasmus
1552 1959 1779 2019 utinam
1827 1977 1958 2018 eam
2005 1978 2206 2019 curam
2248 1957 2426 2019 alium
2469 1960 2528 2018 in
2572 1980 2804 2021 versum

627 2056 1045 2130 transtulisset,
1075 2056 1151 2117 ad
1180 2076 1391 2116 nomen
1421 2056 1555 2130 hoc,
1582 2054 1864 2137 pericu10,
1893 2055 2087 2133 potius
2116 2075 2289 2134 quam
2317 2055 2548 2117 tolleret
2575 2076 2806 2121 omnem

630 2154 914 2211 sermonis
944 2151 1317 2231 elegantiam,
1364 2162 1543 2231 atque
1570 2150 1724 2211 adeo
1751 2150 2163 2210 Atticismum:
2207 2150 2421 2229 quippe
2462 2171 2810 2231 pronomen,

626 2246 781 2316 hoc;
825 2257 919 2307 est
945 2256 1143 2306 autem
1170 2267 1244 2307 ex
1272 2246 1498 2305 Andria
1542 2246 1634 2305 is:
1678 2253 1694 2279 ‘
1720 2244 1860 2303 Sine
1906 2246 2062 2303 omni
2108 2246 2406 2324 periculo:
2449 2266 2584 2306 nam
2622 2247 2808 2309 hocce

627 2341 791 2403 haud
839 2341 1081 2402 dubium
1128 2354 1240 2413 est,
1286 2342 1429 2420 quin
1481 2339 1806 2400 Chremes!
1886 2338 2240 2412 Praesertim,
2288 2358 2422 2401 cum
2469 2354 2809 2421 anapaestus

630 2457 761 2497 esse
788 2438 1041 2516 potuerit
1067 2438 1125 2495 in
1155 2438 1343 2516 primo
1370 2436 1543 2517 pede.
1610 2437 1784 2508 Nam,
1812 2435 2022 2509 omnis,
2050 2437 2288 2514 primam
2317 2437 2556 2519 corripit
2580 2452 2809 2513 natura,

634 2532 877 2593 ductum
906 2533 1062 2592 enim
1094 2544 1188 2593 est
1229 2537 1383 2611 παρὰ
1423 2534 1485 2593 τὸ
1532 2534 1695 2611 ὁμῶς.
1781 2531 2145 2591 Universitas
2188 2532 2340 2591 enim
2387 2534 2450 2594 fit
2497 2555 2572 2594 ex
2619 2552 2810 2595 rerum

632 2628 1067 2708 conjunctione.
1150 2629 1262 2688 Est
1286 2630 1441 2689 enim
1471 2631 1822 2702 universum,
1849 2640 2016 2689 extra
2042 2627 2202 2710 quod
2233 2629 2378 2688 nihil
2405 2640 2516 2690 est.
2601 2630 2810 2712 Neque

630 2722 766 2784 illas
806 2733 1030 2784 mutam
1080 2744 1151 2784 ac
1194 2724 1475 2804 liquidam
1522 2725 1786 2803 potuisse
1813 2744 2026 2803 cogere
2053 2724 2340 2805 syllabam
2370 2726 2447 2786 ad
2484 2726 2813 2807 producen-

634 2817 798 2891 dum,
841 2831 903 2881 et
944 2823 1106 2900 pueri
1153 2821 1368 2893 sciunt,
1408 2831 1471 2880 et
1517 2819 1856 2880 Priscianus
1903 2819 2080 2881 docet
2119 2840 2192 2879 ex
2235 2820 2587 2882 Callimachi
2615 2842 2812 2883 versu.

636 2916 831 2995 Major
860 2936 997 2977 vero
1024 2917 1340 2977 difficultas
1370 2918 1641 2997 objicitur
1677 2917 1738 2975 in
1766 2916 2004 2976 nornine
2047 2916 2180 2987 hoc,
2227 2916 2534 2996 voluptas:
2580 2938 2650 2979 ex
2695 2939 2816 3000 quo

629 3012 733 3072 ille
761 3013 1027 3073 vocalem
1054 3014 1305 3074 mediam
1334 3013 1711 3077 auferendam
1739 3024 1962 3083 censet,
1991 3033 2062 3073 eo
2089 3033 2260 3072 versu
2287 3014 2556 3075 Andriae:
2603 3022 2619 3050 ‘
2641 3016 2817 3086 Quod

635 3110 970 3189 voluptates
996 3130 1196 3171 eorum
1225 3112 1473 3191 proprias
1500 3124 1672 3171 sunt:
1705 3130 1838 3169 nam
1864 3110 2002 3168 mihi
2028 3108 2477 3169 immortalitas!
2533 3112 2820 3173 Nonnihil

642 3224 781 3263 vero
796 3215 907 3275 est,
930 3205 980 3263 si
1007 3206 1084 3263 sit
1102 3207 1185 3265 ita
1205 3204 2022 3284 pronuntiandum,.elolptas:
2045 3204 2187 3263 nihil
2208 3204 2362 3263 enim
2390 3204 2468 3263 ad
2497 3206 2820 3267 Theutoni-

638 3318 773 3358 cum
818 3318 1031 3359 sonum
1058 3300 1339 3360 accedere
1380 3311 1578 3379 potest
1616 3300 1920 3378 proprius:
1964 3310 2142 3377 atque
2169 3300 2283 3359 hoc
2312 3311 2377 3360 ut
2405 3299 2816 3379 effugeremus,

641 3405 745 3455 aut
770 3396 1257 3456 constitueremus
1285 3397 1565 3455 creticum
1592 3396 1652 3455 in
1680 3394 1887 3475 prima,
1913 3405 2019 3454 aut
2039 3395 2214 3455 etiam
2238 3407 2629 3477 anapaestum.
2673 3399 2821 3457 Cor-

640 3500 808 3571 repta
835 3489 989 3550 enim
1016 3490 1356 3571 conjunctio
1382 3501 1475 3551 est
1501 3492 1658 3563 alibi,
1701 3492 1794 3550 vel
1833 3490 2052 3571 judicio
2095 3490 2289 3551 illius:
2331 3512 2512 3571 quare
2545 3492 2642 3553 hic
2672 3514 2821 3574 quo·-

643 3603 759 3663 que
808 3594 993 3644 esset.
1076 3587 1157 3643 At
1196 3586 1413 3645 frustra
1442 3586 1666 3646 viderer
1702 3585 2033 3646 laboratre:
2077 3588 2354 3665 quoniam
2382 3587 2502 3649 duo
2527 3609 2732 3652 versus
2761 3592 2820 3650 in

646 3680 869 3740 Casina
894 3690 1054 3753 sunt,
1081 3681 1265 3745 nihilo
1292 3682 1461 3742 nobis
1490 3682 1901 3747 secundiores:
1945 3692 1961 3718 ‘
1988 3684 2128 3743 Sine
2156 3695 2290 3744 tuos
2319 3686 2541 3747 ocellos
2571 3686 2822 3749 deoscu-

644 3778 751 3848 ler,
789 3774 1063 3854 voluptas
1091 3782 1267 3838 mea.'
1323 3779 1483 3847 Quid
1511 3778 1820 3840 deosculer
1859 3778 1967 3839 te?
2005 3800 2140 3859 quae
2191 3782 2333 3841 res?
2373 3803 2509 3862 quae
2551 3785 2822 3862 voluptas

646 3891 779 3932 mea
794 3867 839 3926 Ῥ
910 3870 1063 3931 Nam
1090 3873 1224 3946 nisi,
1251 3875 1443 3953 volup,
1470 3874 1658 3955 legas»,
1686 3886 1790 3935 aut
1815 3874 2000 3936 facias
2029 3888 2416 3956 anapaestum,
2443 3898 2588 3937 sane
2617 3897 2827 3957 aspera

648 3978 741 4027 est
785 3968 1202 4046 pronuntiati0.
1290 3969 1429 4044 Sed,
1475 3972 1765 4051 voluptas,
1811 3972 1925 4031 fuit
1968 3974 2292 4054 volupetas‚
2319 3992 2375 4045 a,
2403 3973 2538 4033 volo
2565 3984 2624 4032 et
2647 3983 2822 4053 peto:

647 4082 785 4141 quse
814 4064 1010 4123 omnia
1038 4084 1171 4124 cum
1200 4066 1322 4125 sint
1344 4067 1564 4139 brevia,
1604 4086 1725 4126 non
1772 4066 2156 4127 immutarunt
2185 4078 2474 4127 naturam.
2557 4068 2710 4128 Nam
2739 4069 2824 4129 sic

647 4149 887 4241 <suoque
912 4161 1193 4241 corripias
1237 4163 1296 4222 in
1328 4182 1496 4224 versu
1521 4183 1593 4224 ex
1622 4163 2312 4237 Heautontimorumeno,
2359 4165 2409 4224 si
2451 4166 2532 4225 ita
2558 4165 2724 4247 legas
2753 4184 2826 4225 ex
