3234 4934
864 444 1224 499 namsms
1270 444 1564 495 ustusu
1619 442 2140 495 nissam-mro.
2507 428 2595 493 85

630 590 801 669 Ὁρᾷς
829 589 913 649 ὅτι
939 588 1089 649 Ζεὺς
1113 588 1255 669 τᾷδε
1284 588 1549 666 πρωτεῖιει
1578 593 1742 659 θεῶν,

632 686 725 747 Οὔ
749 684 1131 763 ψῶδοε,·οὒδὲ
1156 689 1387 761 κόμπον,
1417 688 1481 744 οὖ
1508 688 1696 763 μωρόν
1725 689 1914 760 γέλων

638 782 883 855 ’Aona-1,
914 782 979 843 τὸ
1004 780 1053 841 δ’
1080 780 1185 853 ἤδη)
1207 788 1413 861 μοῦνος
1437 784 1533 841 οὔκ
1558 784 1876 841 ἐπίσταται.

394 955 593 1024 Quare
616 950 899 1013 divinitus
928 951 1003 1011 ab
1032 949 1349 1011 Aristotele
1380 950 1603 1011 dictum
1632 961 1746 1023 est,
1770 960 1996 1029 partem
2025 948 2406 1028 turpitudinis
2433 967 2588 1021 esse,

389 1050 453 1111 id
484 1047 646 1129 quod
676 1058 769 1109 est
796 1046 1131 1109 ridiculum.
1215 1048 1451 1107 Diserte
1479 1048 1633 1106 enim
1665 1047 1765 1118 ait,
1794 1048 1878 1107 ὅτι
1906 1048 1968 1107 τὸ
1998 1052 2248 1122 γελοῖον,
2274 1050 2467 1124 μόριον
2493 1051 2593 1108 τοῦ

389 1140 631 1227 αἱσχρόῢ
656 1147 832 1205 ἐστιν.
916 1144 1031 1215 Ita,
1074 1163 1213 1223 quse
1256 1143 1353 1203 vel
1398 1144 1457 1202 in
1486 1142 1678 1203 verbis
1707 1152 2008 1203 auctorum
2035 1141 2128 1201 vel
2157 1142 2450 1215 sensibus,
2492 1141 2596 1201 vel

388 1243 449 1301 in
482 1260 751 1303 sermone
778 1239 1085 1299 hominum
1107 1249 1168 1299 et
1188 1238 1384 1311 factis,
1408 1248 1512 1298 aut
1534 1237 1767 1298 detorta
1795 1248 1936 1297 sunt
1961 1248 2066 1297 aut
2093 1238 2431 1316 depravata,
2459 1238 2588 1297 ani·

390 1357 519 1417 mos
548 1336 813 1417 plebeios
840 1334 1217 1396 vehementer
1244 1343 1503 1405 movent,
1547 1344 1609 1394 et
1651 1333 1766 1393 hoc
1814 1332 1944 1413 ipso
1971 1335 2152 1393 risum
2181 1344 2247 1396 ut
2273 1334 2588 1413 plurimum

392 1433 728 1500 excutiunt.
808 1430 1069 1511 Ideoque
1096 1429 1376 1490 inusitata
1405 1430 1565 1490 dicta
1590 1439 1652 1489 et
1678 1432 1978 1503 obscoena,
2031 1430 2382 1508 optimorum
2409 1428 2588 1489 cavil-

390 1528 671 1599 lationes,
721 1526 1085 1607 singulorum
1128 1526 1537 1597 contumelias,
1588 1527 1908 1585 sententias
1957 1544 2283 1604 perversas,
2331 1523 2586 1602 ideoque

388 1623 818 1705 inexpectatas‚
860 1621 1089 1701 aliaque
1117 1620 1179 1679 id
1220 1640 1408 1700 genus
1437 1621 1656 1699 (qualis
1685 1620 2250 1681 imitatio.dictorum
2279 1619 2369 1679 vel
2397 1619 2588 1679 facto-

386 1739 539 1793 rum,
588 1728 650 1779 et
688 1717 955 1797 inprimis
982 1718 1405 1798 improborum)
1450 1717 1629 1777 risum
1657 1718 1909 1777 maxime
1938 1717 1998 1775 in
2029 1714 2359 1788 Comoedia,
2405 1734 2586 1795 quam

387 1816 663 1877 Veterem
690 1814 983 1888 dicebant,
1026 1816 1386 1893 expressisse
1414 1826 1670 1877 constat.
1753 1814 1927 1883 Quod
1959 1813 2319 1893 intelligunt,
2346 1811 2448 1891 qui
2485 1832 2591 1891 ge-

386 1910 551 1971 nium
579 1909 810 1971 ridiculi
836 1910 1174 1989 intelligunt
1201 1920 1380 1989 atque
1406 1910 1690 1971 indolem.
1775 1911 1962 1989 Cujus
2013 1920 2270 1988 segetem
2313 1907 2576 1987 largissi-

387 2024 547 2065 mam
572 2006 667 2064 vel
694 2024 847 2065 unus
876 2006 1303 2084 Aristophanes
1334 2005 1696 2085 suppeditat.
1779 2007 1896 2075 Qui
1929 2025 2047 2065 non
2079 2003 2254 2067 modo
2284 2004 2580 2075 Plautum,

392 2099 499 2161 sed
527 2119 932 2180 quoscumque
958 2100 1073 2160 hac
1100 2099 1161 2158 in
1193 2111 1357 2180 parte
1386 2102 1702 2180 superavit,
1726 2119 2047 2180 omnesque
2075 2112 2171 2159 τοῦ
2200 2103 2434 2174 γελοίου
2461 2116 2587 2156 mo-

391 2196 501 2257 dos
529 2215 601 2257 ac
627 2197 849 2276 figuras
876 2195 1237 2275 lepidissime
1264 2198 1571 2278 expressit.
1658 2196 1928 2275 Denique
1957 2206 2025 2255 ut
2069 2204 2321 2266 acetum,
2365 2192 2474 2252 nisi
2501 2192 2586 2251 vi-

390 2312 531 2353 nnm
558 2292 639 2352 sit
664 2301 1023 2373 corruptum,
1052 2293 1271 2353 bonum
1300 2313 1599 2372 nunquam
1629 2295 1767 2362 erit;
1808 2294 1910 2364 ita,
1939 2312 2074 2371 quae
2103 2291 2332 2349 sincera
2360 2296 2500 2348 sunt
2524 2296 2588 2347 et

393 2408 553 2463 vera,
600 2388 779 2449 risum
810 2408 1114 2469 nunquam
1140 2391 1503 2451 excitabunt.
1584 2390 1876 2471 Apposite
1906 2385 2327 2457 Quintilianum,
2379 2384 2483 2442 ubi
2508 2382 2586 2442 de

392 2483 665 2545 Ridiculo
690 2505 705 2559 'e
750 2491 768 2519 ‘
793 2486 871 2543 Et
893 2484 1133 2545 hercule
1162 2486 1352 2545 omnis
1384 2486 1541 2545 salse
1570 2484 1810 2544 dicendi
1837 2484 2008 2557 ratio,
2052 2483 2114 2541 in
2141 2500 2213 2540 eo
2241 2488 2355 2551 est,
2383 2486 2452 2539 ut
2477 2477 2586 2537 ali-

388 2590 479 2642 ter
503 2598 682 2660 quam
710 2590 804 2641 est
828 2591 1049 2641 rectum
1074 2600 1394 2662 verumque
1423 2582 1694 2641 dicatur!
1777 2582 1974 2649 Quare
2021 2588 2084 2637 et
2108 2576 2472 2657 compositus
2503 2574 2582 2635 ad

387 2678 571 2737 risum
602 2694 815 2749 sermo,
858 2676 933 2735 ab
976 2678 1241 2737 oratione
1286 2688 1468 2750 recta,
1511 2696 1684 2757 quam
1737 2681 2026 2747 πολιτικὴν
2055 2673 2317 2751 magistri
2343 2680 2582 2743 vocant,

389 2792 566 2853 quam
596 2771 941 2852 longissime
968 2773 1145 2832 abeat
1169 2792 1418 2833 necesse
1448 2782 1562 2844 est,
1580 2773 1754 2852 cujus
1781 2771 2032 2851 propriae
2052 2771 2317 2840 virtutes,
2338 2771 2374 2838 ἡ
2403 2770 2586 2847 ‹raph-

386 2892 537 2941 rem,
560 2872 595 2939 ἡ
623 2871 915 2939 ἐπιείκεια,
944 2872 979 2939 ἦ
1006 2871 1267 2947 ἀφέλεια,
1314 2872 1350 2937 ἡ
1394 2872 1656 2938 ἀλήθεια,
1706 2867 2114 2945 perspicuitas,
2141 2863 2414 2942 aequitaS,
2442 2862 2584 2922 sim-

386 2964 645 3045 plicitas‚
694 2962 935 3033 veritas,
984 2973 1300 3039 ponuntur.
1394 2961 1530 3027 Qua
1578 2962 1640 3019 in
1691 2967 1854 3038 parte
1905 2978 2084 3036 supra
2131 2958 2580 3015 admirationem

385 3059 647 3119 omnium
693 3055 1025 3117 Menander
1069 3056 1227 3135 apud
1278 3055 1544 3127 Graecos,
1590 3054 1898 3114 Terentius
1945 3052 2230 3110 Romanis
2277 3049 2450 3109 fuerit
2476 3070 2585 3109 ne-

387 3172 557 3215 cesse
604 3162 735 3215 est:
780 3152 881 3231 qui
926 3161 997 3211 ut
1042 3152 1181 3214 viris
1226 3150 1591 3233 sapientibus
1620 3170 1692 3211 ae
1720 3149 1964 3209 eruditis
1991 3146 2352 3225 voluptatem
2382 3146 2582 3225 potius

388 3250 683 3323 afferrent,
711 3268 888 3328 quam
918 3266 1287 3328 quacumque
1316 3247 1542 3307 ratione
1570 3246 1753 3305 risum
1779 3250 2212 3322 extorquerent,
2243 3239 2462 3319 duplici
2479 3240 2584 3319 ju-

389 3346 691 3408 cunditate
718 3344 1035 3406 utilitatem
1061 3343 1409 3423 (imitatione
1437 3341 1574 3402 vitae
1596 3340 1824 3403 scilicet
1841 3338 2136 3408 humanae,
2167 3346 2228 3396 et
2253 3336 2585 3395 inimitabili

388 3443 615 3524 lepore)
658 3441 1061 3504 condierunt..
1113 3440 1283 3501 Metu
1330 3440 1483 3507 enim
1532 3436 1944 3498 Macedonicis
1988 3432 2295 3514 potentiae,
2343 3431 2584 3492 licentia

391 3540 689 3617 Antiquae,
730 3548 798 3598 ut
840 3540 1155 3599 observant
1200 3536 1425 3609 Critici,
1475 3534 1712 3595 defecit.
1795 3530 1982 3610 Cujus
2028 3530 2222 3589 locum
2267 3527 2582 3607 occupavit

392 3634 584 3693 Nova.
665 3633 848 3712 Cujus
878 3642 940 3694 et
966 3634 1213 3693 formam
1240 3631 1503 3692 nondum
1544 3629 1780 3711 penitus
1809 3626 2031 3688 vidisse
2077 3622 2428 3696 absolutam,
2473 3624 2584 3685 sed

384 3729 509 3810 jam
535 3728 878 3808 concepisse
908 3728 1123 3802 animo,
1151 3736 1391 3808 putatur
1414 3725 1783 3788 Aristoteles.
1843 3722 1986 3803 Ejus
2012 3738 2150 3782 vero
2177 3718 2414 3787 unicum
2443 3738 2578 3799 pro-

388 3822 671 3904 positum,
708 3820 997 3882 humanos
1024 3840 1201 3882 nosse
1231 3832 1408 3903 atque
1437 3822 1649 3883 imitari
1674 3838 1888 3880 mores.
1971 3817 2107 3885 Quo
2135 3826 2196 3876 et
2224 3815 2304 3874 D.
2335 3814 2579 3873 Hieron.

392 3918 664 3999 Epistola
690 3916 768 3977 ad
814 3916 1073 3988 Furiam,
1101 3915 1177 3977 de
1205 3915 1511 3977 Viduitate
1541 3914 1865 3986 Servanda,
1894 3912 2156 3992 respicit,
2181 3929 2317 3970 cum
2345 3908 2576 3987 inquit:

390 4022 410 4051 ‘
434 4016 563 4075 Nec
586 4014 817 4088 mirum,
846 4012 962 4073 hoc
987 4009 1231 4092 figulum
1258 4014 1517 4075 sensisse
1537 4013 1615 4074 de
1639 4010 1896 4085 vasculo,
1919 4008 2080 4088 quod
2105 4008 2233 4087 ipse
2256 4004 2578 4065 fabricatus

393 4120 505 4185 est,
554 4130 687 4171 cum
718 4110 895 4169 etiam
923 4108 1223 4180 Comicus,
1266 4109 1435 4190 cujus
1462 4110 1596 4171 finis
1623 4119 1716 4170 est
1738 4111 2029 4169 humanos
2057 4121 2250 4162 mores
2279 4118 2457 4160 nosse
2484 4108 2574 4159 at·

390 4224 508 4293 que
533 4206 880 4279 describere,
909 4204 1163 4269 dixerit:
1205 4206 1371 4273 Snus
1414 4207 1690 4273 Osanna
1739 4224 1816 4266 nr
1864 4203 2116 4263 Lasso
2163 4214 2410 4265 rmum
2450 4193 2584 4257 Vn-
