3234 4934
641 393 690 460 2
1189 403 1198 410 ·
1547 393 1934 450 nuru-romi.

645 554 819 620 enim
849 551 1020 615 inest
1045 546 1207 612 Tibi
1245 543 1562 630 quicquid
1605 543 1887 608 summis
1918 541 2345 625 Principibus
2374 543 2675 608 conferre
2700 543 2833 608 for-

645 662 808 720 tuna
835 657 953 717 ant
979 655 1216 715 natura
1244 653 1490 732 potest,
1521 643 1875 708 Natalium
1904 641 2226 726 splendor
2254 649 2321 710 et
2346 645 2549 728 longa
2569 645 2829 726 Regum

647 757 816 826 serie
843 754 1046 818 ducta
1083 749 1348 834 generis
1395 745 1753 823 claritudo,
1802 745 2108 828 dignitati
2152 745 2366 813 forma
2408 747 2832 821 conveniens,

645 857 871 924 vivida
896 859 1246 936 erectaque
1274 849 1552 926 indoles,
1588 849 1761 912 mira
1802 847 2047 930 ingenii
2092 869 2478 934 morumque
2528 851 2832 931 felicitae,

645 957 880 1026 Virtus
905 955 1186 1042 propria
1211 971 1418 1035 quam
1447 969 1788 1028 exerceas„
1814 957 2089 1033 paterna
2119 971 2320 1034 quam
2350 952 2667 1035 imiteris;
2694 974 2835 1020 ma-

631 1063 751 1148 j'us
771 1069 996 1126 tamen
1027 1055 1286 1140 aliquid
1313 1052 1650 1119 institutio
1680 1052 1991 1130 contulit,
2020 1053 2427 1137 sapientiam
2453 1074 2472 1134 3
2501 1056 2603 1120 ita
2632 1061 2835 1122 natus

647 1183 749 1242 ee,
778 1168 856 1228 ut
883 1159 1174 1227 Maximi
1205 1156 1431 1241 Reges
1461 1155 1700 1232 solent,
1738 1155 1838 1220 ita
1879 1155 2206 1219 educatus
2232 1163 2311 1220 ut
2337 1153 2618 1239 Optimi.
2705 1157 2835 1223 Ec·

651 1284 790 1352 qua
815 1263 990 1328 enim
1021 1260 1148 1326 fnit
1174 1277 1471 1344 unquam
1499 1257 1833 1324 solicitior
1860 1264 1982 1324 aut
2020 1257 2315 1322 sanctior
2354 1257 2426 1321 in
2469 1255 2670 1324 Aulis
2696 1259 2835 1324 dis-

649 1365 947 1450 ciplina‘t
995 1363 1216 1428 Deum
1243 1381 1326 1426 ac
1353 1359 1675 1425 Parentes
1718 1360 1961 1437 colere,
2006 1378 2276 1424 servare
2320 1360 2589 1424 modum
2626 1361 2696 1425 in
2736 1381 2837 1426 re·

646 1470 797 1546 bne,
855 1464 1142 1531 blandas
1199 1462 1600 1528 adulantium
1646 1459 1919 1525 fraudes
1970 1460 2270 1546 rejicere,
2310 1461 2598 1525 tribuere
2641 1480 2835 1528 suam

647 1568 887 1651 cuique
913 1565 1200 1642 laudem,
1223 1563 1500 1646 benigne
1517 1561 1818 1643 singulos
1844 1581 1926 1626 ac
1955 1562 2317 1628 liberaliter
2329 1565 2664 1648 excipere,
2681 1562 2835 1629 dare

647 1687 920 1753 operam
949 1667 1189 1732 studiis
1216 1666 1580 1742 literarum,
1625 1670 1695 1728 et
1734 1662 2057 1748 quicquid
2102 1673 2210 1729 est
2247 1667 2567 1730 bonarum
2596 1667 2833 1731 artium

647 1772 872 1835 animo
903 1767 1285 1851 complecti,
1333 1765 1481 1830 haec
1534 1771 1695 1829 sunt
1732 1765 2079 1847 sapientiae
2126 1767 2405 1844 monita,
2451 1786 2605 1850 quoe
2637 1775 2711 1833 et
2734 1768 2835 1832 lu-

645 1872 886 1936 benter
915 1869 1126 1947 audis,
1153 1877 1226 1935 et
1247 1875 1489 1952 sponte
1527 1867 1852 1950 sequeris.
1941 1867 2127 1932 Hinc
2168 1886 2298 1950 ego
2343 1870 2409 1934 in
2451 1888 2601 1934 eam
2640 1886 2835 1955 spem

645 1973 844 2038 facile
882 1971 1207 2048 adducor,
1235 1968 1337 2035 Te
1377 1969 1506 2034 hoc
1547 1969 2038 2053 qualecumque
2064 1969 2157 2034 sit
2185 1973 2653 2037 munusculum
2694 1993 2839 2039 non

617 2073 622 2076 ’
647 2092 797 2140 esse
819 2073 1329 2156 despectnrum;
1375 2070 1626 2154 quippe
1655 2089 1777 2134 nec
1804 2077 1927 2134 tua
1954 2070 2023 2134 id
2042 2071 2219 2135 sinet
2245 2070 2647 2153 humanitas,
2677 2094 2833 2159 quae

647 2192 911 2239 summa
937 2179 1062 2249 est,
1087 2191 1211 2236 nec
1239 2177 1392 2236 tuus
1418 2171 1485 2234 in
1511 2191 1656 2236 rem
1679 2171 2034 2236 literariam
2062 2191 2275 2249 amor,
2304 2173 2420 2256 qni
2436 2175 2833 2257 quotidiano

645 2275 1016 2340 studiorum
1046 2293 1175 2338 usu
1207 2273 1426 2349 alitur,
1456 2279 1529 2335 et
1556 2280 1856 2354 augetur.
1941 2271 2205 2355 Accipe
2226 2292 2406 2355 ergo,
2426 2273 2833 2340 Damnum

643 2378 1188 2452 Snnsmssmn,
1230 2373 1687 2438 venustissimi
1720 2373 1959 2440 Poetae
2002 2372 2433 2454 Comoedias,
2472 2376 2543 2439 in
2587 2377 2834 2460 quibus

647 2483 716 2544 et
744 2477 964 2542 Latini
995 2477 1322 2541 sermonis
1347 2475 1769 2559 elegantiam,
1811 2483 1884 2540 et
1924 2475 2148 2540 vivam
2190 2494 2447 2541 morum
2474 2477 2835 2563 civilisque

645 2578 996 2661 sapientiai
1027 2576 1410 2658 imaginem,
1451 2581 1524 2640 et
1567 2576 1878 2653 urbanos,
1924 2595 2057 2641 non
2103 2575 2299 2642 unius
2328 2577 2527 2644 modo
2557 2578 2851 2658 Comici,

645 2679 768 2746 sed
790 2679 1078 2744 virorum
1107 2675 1304 2742 etiam
1335 2677 1406 2740 in
1437 2676 1750 2742 Romana
1776 2675 2161 2758 Republica
2190 2675 2599 2761 Principum,
2634 2680 2835 2748 Laelii

647 2801 730 2848 ac
755 2779 1112 2866 Scipionis,
1131 2778 1334 2862 jocos
1363 2778 1689 2844 invenias.
1774 2777 2055 2842 Servent
2080 2776 2181 2842 Te
2211 2777 2329 2842 diu
2362 2779 2533 2844 Fata
2562 2779 2737 2864 Regi
2764 2789 2836 2854 et

643 2882 887 2964 ‘Regno
915 2879 1340 2958 incolumem,
1369 2884 1438 2945 et
1466 2878 1818 2945 Ludovico
1850 2877 2105 2962 Magno
2136 2879 2411 2946 Parenti
2453 2889 2573 2946 tuo
2606 2901 2833 2966 parem

529 2975 546 2990 ’
643 2983 748 3054 Te
773 2988 1136 3068 proestent,
1163 2981 1328 3065 quia
1353 2980 1673 3064 majorem
1703 2998 1839 3045 non
1865 2985 2183 3063 possunt..
2257 2979 2435 3048 Hoec
2462 2992 2624 3048 sunt
2648 2991 2847 3065 vota,

1433 3199 1846 3264 Damnum
1888 3197 2431 3276 Sanni-nestun,

1541 3331 1983 3399 Devotissimi
2012 3337 2083 3396 et
2109 3330 2461 3396 humillimi
2492 3329 2681 3398 Servi
2708 3331 2847 3411 tui,

1890 3465 2313 3533 Eannnnrcx
2348 3465 2759 3540 Luomutn..
