3234 4934
589 406 722 473 202
1315 424 1777 477 ramelenus
1826 424 2033 476 mas

593 567 764 627 simul
799 574 1069 626 constare
1099 567 1266 626 metri
1309 567 1458 628 ratio
1486 571 1695 643 vetat,)
1735 569 1847 628 utri
1888 577 2021 629 utra
2048 567 2241 629 locum
2272 569 2471 643 cedat,
2512 573 2781 653 ambiga-

589 673 723 733 tur;
766 664 1080 735 interdum,
1108 664 1447 743 posthabita
1473 666 1643 724 metri
1660 665 1906 738 ratione,
1930 676 2239 745 utramque
2262 666 2552 737 admittit;
2597 669 2787 730 inter··

591 760 730 820 dum
757 768 984 833 contra,
1011 758 1349 837 irreptitiam
1389 760 1563 819 simul
1591 778 1728 820 cum
1754 761 2015 840 genuina
2059 762 2241 821 delet.
2323 763 2423 823 Sic
2467 782 2601 824 cum
2638 763 2776 825 huic

587 856 784 916 versui
813 854 972 929 olim,

831 951 974 1011 Sine
1001 970 1096 1012 me
1123 968 1372 1011 vacuum
1397 958 1633 1031 tempus
1664 972 1739 1012 ne
1766 951 1929 1033 quod
1968 951 2104 1014 dem
2132 952 2295 1026 mihi,

589 1062 799 1124 deesse
826 1062 1049 1144 aliquid
1077 1062 1155 1123 ad
1179 1072 1426 1124 metrum
1453 1062 1681 1124 viderat
1708 1065 2002 1135 Muretus,
2030 1084 2103 1125 ex
2131 1064 2475 1143 conjectura
2499 1064 2625 1127 dem
2646 1086 2776 1127 mu-

587 1159 734 1220 tavit
760 1160 821 1219 in
848 1159 1010 1221 duim
1027 1180 1050 1226 ,⁰
1091 1158 1354 1219 Faemus
1397 1169 1594 1219 autem
1622 1179 1658 1219 e
1685 1158 1824 1221 cod.
1860 1160 2067 1221 Bemb.
2096 1180 2204 1242 pro
2250 1180 2490 1222 vacuum
2516 1164 2777 1242 reposuit

586 1258 875 1317 vacivom:
915 1254 1222 1329 Heinsius,
1249 1264 1459 1317 contra
1503 1263 1775 1329 metrum,
1823 1264 2131 1335 utramque
2175 1256 2351 1317 simul
2391 1258 2775 1319 mutationem

586 1351 843 1411 retinuit.
923 1350 1026 1411 Sic
1053 1350 1271 1412 Heaut.
1298 1369 1392 1411 xv,
1423 1354 1480 1411 5.
1512 1353 1604 1412 19.

748 1447 927 1518 Quod
955 1447 1011 1507 ei
1037 1467 1103 1507 es
1129 1446 1427 1528 pollicitus
1451 1466 1468 1506 z
1509 1448 1736 1527 garris:
1778 1447 1939 1509 unde
1966 1448 2075 1509 id?
2116 1469 2154 1509 a
2180 1458 2285 1510 tuo
2312 1459 2498 1529 patre.

584 1562 721 1603 cum
748 1543 971 1623 aliquid
998 1553 1186 1604 metro
1215 1563 1524 1623 superesse
1553 1544 2109 1625 deprehenderetur,
2139 1546 2409 1606 Muretus
2440 1567 2514 1607 ex
2536 1546 2773 1627 ingenio

586 1660 696 1701 suo
744 1641 966 1703 delevit
1007 1661 1212 1703 vocem
1241 1650 1364 1715 tuo,
1409 1643 1672 1704 Faernus
1716 1664 1791 1704 ex
1840 1642 2187 1703 auctoritate
2236 1642 2387 1701 Mss.
2418 1640 2641 1703 delevit
2668 1644 2775 1713 id,-

583 1736 768 1803 editio
797 1736 1124 1797 Heinsiana
1149 1747 1457 1816 utramque
1485 1756 1692 1799 vocem
1720 1738 1980 1811 sustulit,
2000 1747 2190 1796 metro
2214 1756 2413 1797 rursus
2430 1736 2770 1816 depravato.

585 1830 765 1901 Quod
810 1833 1075 1914 pluribus
1106 1833 1166 1892 in
1213 1832 1360 1893 locis
1388 1834 1510 1893 fieri
1539 1834 1779 1907 videbit,
1808 1834 2161 1915 quicumque
2192 1832 2483 1893 editiones
2531 1832 2771 1907 Mureti,

585 1927 815 2000 Faerni,
843 1938 1022 2009 atque
1051 1928 1279 1991 Heinsii
1316 1928 1568 1991 invicem
1606 1930 1872 1992 conferre
1912 1949 2109 2011 operae
2149 1930 2401 2011 pretium
2445 1928 2569 1990 fore
2617 1930 2772 1989 exis-

586 2024 836 2085 timabit.

1204 2346 1643 2398 FRANmscus
1680 2345 1897 2412 mas,
1926 2346 2143 2396 s.·1·.1³.

1049 2503 1198 2572 DE
1264 2502 1706 2573 METRIS
1774 2502 2299 2569 GOMIGIS.

657 2687 792 2761 Qut
822 2711 957 2752 cum
1008 2692 1203 2753 fructu
1239 2691 1435 2771 legere
1462 2692 1625 2764 velit,
1672 2710 1811 2770 quae
1852 2689 1928 2750 de
1970 2691 2169 2751 metris
2218 2687 2461 2749 comicis
2500 2686 2765 2747 dicturus

579 2804 732 2859 sum,
771 2788 947 2848 domo
989 2788 1194 2851 afferat
1235 2797 1467 2867 oportet
1516 2806 1717 2848 eorum
1769 2787 2188 2866 cognitionem,
2233 2804 2369 2863 quse
2398 2784 2459 2843 in
2509 2782 2764 2862 vulgatis

575 2882 848 2943 carminis
879 2883 1176 2945 condendi
1219 2884 1442 2964 regulis
1472 2884 1884 2950 continentur-3
1927 2902 2118 2961 neque
2147 2880 2302 2939 enim
2348 2880 2535 2958 prima
2559 2894 2765 2957 proso·

571 2974 690 3037 dise
721 2977 1014 3039 elementa
1039 2978 1271 3040 tradere
1314 2978 1490 3059 hujus
1519 2978 1773 3039 instituti
1814 2986 1926 3038 est.
2010 2976 2128 3047 Qui
2157 2976 2228 3037 iis
2275 2974 2482 3035 leviter
2506 2964 2765 3033 imbutus

573 3074 684 3146 est,
714 3074 880 3133 novit
921 3076 1158 3147 breyem
1187 3075 1476 3155 syllabam
1517 3075 1692 3135 unius
1722 3094 1853 3135 esse
1880 3074 2180 3153 temporis,
2207 3072 2442 3149 longam
2474 3068 2721 3129 duorum
2746 3086 2763 3135 ς

571 3168 754 3247 pedes
783 3180 978 3229 autem
1007 3191 1081 3231 ex
1129 3170 1713 3249 syllabis-componiz
1780 3182 1842 3230 et
1884 3188 1957 3231 ex
1998 3169 2069 3227 iis
2121 3185 2303 3226 unum
2352 3184 2485 3224 esse
2514 3164 2764 3223 duorum

572 3270 925 3343 temporum,
973 3264 1368 3343 pyrrichium;
1425 3275 1545 3325 tres
1591 3264 1785 3336 trium,
1836 3263 2180 3334 trochaeurm
2225 3262 2506 3329 iambum,
2556 3258 2762 3317 tribra-

573 3358 766 3437 chyn3
827 3369 1081 3437 quatuor
1135 3369 1461 3438 temporum
1511 3372 1785 3439 quatuor,
1832 3357 2203 3438 spondaeum,
2245 3354 2566 3434 dactylum,
2617 3370 2761 3411 ana-

569 3464 849 3533 poestum,
897 3463 956 3513 et
983 3454 1466 3535 amphibrachyn,
1523 3455 1658 3531 (sed
1688 3456 1781 3515 hic
1808 3455 2048 3515 ultimus
2076 3453 2152 3513 ad
2192 3462 2379 3512 metra
2407 3448 2761 3510 Terentiana

569 3548 959 3627 intelligenda
985 3567 1220 3628 prorsus
1251 3549 1471 3610 inutilis
1491 3552 1538 3627 ;)
1579 3544 1699 3610 {res
1728 3571 1802 3612 ex
1830 3550 2077 3632 pedibus
2106 3548 2467 3628 simplicibus
2499 3547 2758 3626 quinque

569 3655 919 3724 temporum,
961 3644 1294 3720 bacchium,
1343 3646 1799 3719 antibacchium,
1838 3657 1901 3707 et
1928 3645 2246 3714 creticum3
2290 3663 2471 3703 unum
2501 3641 2757 3720 denique

571 3759 675 3799 sex
703 3758 836 3798 esse
865 3748 1211 3818 temporum,
1257 3760 1468 3821 nempe
1497 3741 1862 3801 molossum:
1906 3739 2010 3801 sed
2042 3739 2103 3798 hi
2142 3749 2397 3818 quatuor
2425 3738 2501 3798 ad
2533 3735 2759 3817 paeoni-

569 3853 707 3894 cum
735 3854 924 3913 genus
954 3845 1246 3913 spectant,
1277 3837 1352 3896 de
1380 3856 1498 3916 quo
1527 3838 1673 3897 nihil
1693 3838 1787 3899 hic
1817 3837 2079 3897 dicturus
2108 3856 2262 3896 sum.

647 3929 738 3987 Ex
793 3926 1015 4008 pedum
1078 3929 1532 4011 dissyllaborum
1593 3934 1991 4012 geminatione
2042 3932 2137 3992 vel
2190 3930 2605 4009 conjunctione
2646 3929 2761 3987 ori·

565 4033 745 4083 untur
785 4033 994 4097 metra,
1037 4043 1172 4104 quse
1225 4026 1422 4088 Groeci
1471 4027 1721 4089 διποδίαε
1774 4050 1883 4091 seu
1936 4030 2210 4106 σνὲυγίαε
2250 4026 2470 4099 dixere.
2513 4040 2756 4085 flumem

569 4116 849 4178 sedecim.

656 4216 706 4274 1.
767 4214 857 4275 Ex
920 4216 1213 4298 pyrrichio
1275 4220 1572 4299 geminato
1630 4222 1697 4280 fit
1756 4219 2337 4303 proceleusmaticus,
2396 4214 2754 4297 temporibus
