3234 4934
573 436 712 503 244
1161 470 1169 480 ·
1245 444 1633 498 mesenus
1684 444 2108 495 nannenus

580 602 829 653 excusat
856 588 1124 663 Maurus,
1171 589 1285 651 hoc
1329 598 1461 649 est:
1502 584 1665 667 quod
1708 588 1769 647 in
1818 584 2061 647 sedibus
2110 584 2371 664 paribus,
2404 582 2669 644 secunda
2708 594 2771 646 et

580 700 790 768 quarta
817 692 1050 766 (nempe
1075 694 1322 768 uterque
1347 703 1452 762 per
1495 682 1793 762 dipodiam
1840 682 2149 741 iambicam
2199 678 2531 739 dimetitur:
2576 679 2633 737 in
2678 701 2770 740 ra-

577 785 738 844 tione
766 794 970 841 nostra
1013 791 1185 841 erunt
1229 778 1419 857 prima
1465 785 1529 836 et
1573 775 1769 848 tertia,
1816 777 2001 855 pedes
2048 776 2276 836 scilicet
2314 774 2769 833 ditrochaeorum

577 880 826 957 priores)
854 895 972 936 non
1003 874 1289 938 volubiles
1331 872 1516 952 pedes
1559 871 1818 933 iambum
1862 882 1967 931 aut
2009 871 2369 949 tribrachyn,
2412 889 2487 929 ex
2514 862 2768 949 rhythmi

577 972 710 1052 lege
765 992 836 1031 ac
893 970 1238 1030 Graecorum
1292 968 1600 1047 exemplo;
1662 966 1767 1026 sed
1821 965 2024 1025 tardos
2080 964 2399 1044 spondeos
2456 964 2579 1023 sive
2620 964 2770 1023 alios

577 1068 667 1127 eis
709 1070 1034 1147 ῖσοχρόνουε
1071 1063 1391 1125 intulerint.
1474 1063 1687 1122 Totum
1731 1061 1867 1135 hoc,
1910 1080 2031 1121 uno
2076 1059 2364 1139 exemplo,
2413 1069 2475 1117 et
2504 1078 2681 1119 sensu
2711 1069 2773 1119 et

576 1163 858 1221 memoria
885 1162 1059 1222 facile
1087 1160 1332 1221 tenebis.
1415 1159 1613 1219 Graeci
1644 1159 1721 1217 ad
1750 1158 1905 1217 hanc
1930 1158 2175 1217 formam
2204 1157 2263 1215 iu
2284 1154 2549 1215 iambicis
2574 1176 2590 1214 ε

896 1258 971 1316 Vi
998 1255 1366 1317 c6mmodavi
1403 1254 1415 1335 Ι
1450 1253 1845 1326 commodavi,
1872 1252 2204 1314 commoda.

575 1350 768 1411 Latini
797 1351 871 1411 ad
905 1350 1099 1423 istam,
1126 1369 1247 1409 non
1277 1366 1526 1427 semper,
1555 1348 1665 1408 sed
1690 1349 2175 1427 quotiescumque
2198 1345 2417 1408 vellent
2441 1368 2457 1408 ε

897 1446 974 1505 vi
1000 1444 1404 1509 commendavi
1442 1442 1454 1522 Ι
1487 1440 1893 1502 commendavi
1926 1440 1938 1521 Ι
1972 1441 2300 1503 commoda.

575 1540 784 1615 Vides,
809 1542 1047 1613 menda,
1076 1541 1425 1621 spondaeum
1451 1538 1540 1598 bis
1570 1538 1828 1617 positum
1856 1555 1962 1615 pro
2002 1537 2218 1608 iambo,
2268 1539 2446 1599 moda
2470 1561 2486 1601 ε
2534 1552 2764 1620 postre-

573 1654 734 1697 mam
761 1636 963 1697 sedem
989 1636 1208 1697 violare
1252 1652 1555 1713 nunquam
1606 1644 1747 1692 sunt
1790 1633 1940 1694 ausi.
2023 1633 2188 1693 Idem
2236 1645 2299 1693 et
2348 1635 2409 1693 in
2451 1635 2767 1696 trochaicis

575 1732 842 1793 obtinet:

704 1841 915 1893 Graeci:
981 1842 1314 1893 Commodavi
1373 1842 1385 1907 Ι
1412 1842 1737 1893 commodavi
1793 1838 1805 1909 Ι
1832 1840 2153 1893 commodavi
2218 1840 2229 1909 Ι
2258 1843 2540 1893 commoda.

707 1922 911 1972 Latini:
979 1921 1345 1973 commendavi
1373 1922 1384 1988 Ι
1411 1924 1767 1975 commendavi
1796 1922 1807 1990 Ι
1834 1923 2183 1975 commendavi
2212 1922 2222 1989 Ι
2251 1924 2535 1974 commoda.

577 2018 648 2077 In
674 2018 770 2077 his
797 2018 1070 2098 pedibus,
1097 2031 1348 2099 excepto
1397 2019 1625 2092 ultimo,
1669 2039 1775 2099 pro
1818 2021 2090 2081 bre‘vibus
2140 2019 2336 2096 longe
2386 2018 2630 2098 syllaboe
2672 2039 2768 2081 as·

576 2124 927 2182 sumuntur;
971 2113 1134 2193 quod
1179 2125 1400 2188 tamen,
1445 2115 1674 2194 opinor,
1716 2115 1893 2175 celeri
1938 2114 2415 2194 pronuntiatione
2434 2114 2681 2192 juvabat
2704 2126 2765 2177 et

573 2210 917 2269 occultabat
943 2222 1126 2281 actor,
1166 2229 1243 2269 ne
1287 2211 1414 2291 ipse
1461 2229 1499 2269 a
1544 2212 1783 2271 tibicine
1825 2210 2163 2291 rhythmum
2194 2210 2467 2267 Graecum
2498 2222 2767 2271 servante

572 2303 958 2384 discreparet.

658 2400 839 2470 Quod
866 2399 945 2458 ad
972 2398 1191 2473 crimen
1235 2408 1432 2459 autem
1475 2398 1592 2459 hoc
1634 2398 1885 2467 attinet3
1924 2397 2165 2477 tragicis
2206 2398 2441 2478 quidem
2472 2399 2767 2459 veteribus

573 2495 763 2554 minor
789 2504 883 2555 est
907 2493 1231 2566 excusatio,
1259 2512 1363 2553 cur
1409 2512 1532 2553 non
1580 2493 1659 2553 ad
1709 2494 1851 2554 artis
1890 2492 2127 2575 regulas
2150 2512 2355 2554 versus
2384 2513 2525 2553 suos
2554 2513 2766 2573 exege-

573 2588 730 2657 rint3
779 2606 936 2660 cum,
977 2598 1104 2648 toto
1144 2588 1300 2667 stylo
1327 2598 1390 2649 et
1413 2586 1610 2649 colore
1640 2607 1678 2648 a
1702 2586 1995 2649 communi
2024 2606 2293 2648 sermone
2322 2588 2586 2661 discreti,
2613 2609 2769 2649 nova

573 2686 754 2745 verba
801 2704 873 2745 ac
920 2684 1356 2763 sesquipedalia
1399 2703 1509 2762 pro
1551 2682 1740 2744 lubito
1783 2684 2074 2744 finxerint.
2160 2684 2493 2762 Fugiebant
2538 2684 2769 2745 scilicet

573 2778 732 2839 limae
761 2780 1055 2848 laborem3
1098 2778 1244 2839 certi
1285 2797 1350 2839 se
1398 2779 1458 2837 in
1507 2798 1568 2839 re
1611 2788 1750 2838 ante
1798 2780 2103 2859 inexperta
2142 2788 2205 2838 et
2243 2777 2402 2855 apud
2433 2797 2604 2838 aures
2640 2789 2767 2839 tum

575 2875 850 2937 indoctas
877 2875 1106 2935 veniam
1136 2876 1568 2954 impetraturos.
1652 2872 1870 2934 Melius
1897 2892 2036 2933 vero
2076 2892 2147 2933 ac
2190 2873 2391 2932 mitius
2422 2872 2495 2933 de
2524 2874 2764 2934 comicis

575 2980 671 3030 cst
697 2971 1091 3031 sentiendum.
1175 2970 1448 3032 Profecto
1473 2968 1785 3031 Terentius
1811 2981 2035 3042 noster,
2074 2970 2125 3041 si
2166 2969 2478 3047 quisquam
2504 2968 2673 3040 alius,
2702 2970 2761 3027 in

576 3067 718 3126 artis
747 3066 909 3146 leges
939 3080 1062 3127 arte
1111 3067 1418 3146 peccavit:
1463 3066 1685 3141 studio,
1732 3086 1852 3127 non
1891 3067 2223 3146 ignorantia
2242 3085 2260 3134 ς
2291 3066 2643 3126 necessitate
2673 3066 2763 3125 vel

577 3163 786 3223 saltem
813 3164 1231 3224 commoditate
1277 3162 1590 3230 inductus;
1635 3176 1716 3233 et,
1762 3162 2193 3241 qualecumque
2236 3159 2383 3221 illud
2414 3160 2609 3221 delicti
2653 3171 2766 3235 est,

573 3257 806 3335 magnis
831 3258 1142 3317 virtutibus
1169 3256 1561 3317 redemtums.
1642 3259 1849 3317 Sermo
1888 3258 2045 3318 enim
2084 3276 2156 3316 ea
2200 3256 2277 3317 de
2316 3276 2501 3316 causa
2524 3258 2764 3336 propius

575 3352 736 3429 apud
786 3351 1072 3411 Nostrum
1114 3350 1190 3411 ad
1235 3350 2028 3422 consuetudinem·accedit,
2078 3368 2256 3430 quam
2305 3350 2465 3429 apud
2512 3350 2766 3412 Menan-

576 3446 782 3506 drum:
826 3445 1012 3507 oratio
1041 3447 1201 3525 apud
1225 3467 1408 3507 unum
1437 3448 1514 3508 de
1549 3448 1746 3509 medio
1775 3458 1969 3508 sumta
1996 3447 2189 3527 deq'ue
2218 3448 2336 3505 vita
2360 3447 2763 3508 honestiorum

573 3540 829 3610 civium3
869 3560 1075 3604 versus
1101 3542 1338 3603 minime
1371 3544 1524 3617 cavi,
1567 3544 1672 3607 sed
1704 3545 1895 3605 verbis
1926 3543 2315 3621 sensibusque
2342 3543 2517 3621 spissi
2543 3562 2560 3603 t
2602 3544 2763 3623 apud

575 3635 846 3708 alterum,
875 3635 1016 3697 dum
1044 3648 1232 3699 metro
1259 3640 1475 3699 servire
1523 3650 1770 3701 coactus
1818 3644 1933 3711 est,
1982 3639 2172 3720 stylus
2221 3638 2402 3719 paulo
2446 3639 2673 3712 elatior,
2700 3650 2765 3698 et

577 3733 887 3793 sententiae
935 3731 1260 3795 dilutiores.
1342 3734 1517 3797 Adde
1563 3736 1705 3810 huc,
1752 3744 2152 3797 consonantes
2200 3736 2260 3794 in
2307 3733 2512 3815 lingua
2552 3736 2762 3795 Latina

575 3844 683 3904 pro
727 3827 1014 3887 vocalium
1053 3848 1296 3892 numero
1341 3829 1766 3910 frequentiores
1810 3850 1963 3904 esse,
2004 3848 2184 3909 quam
2226 3831 2287 3889 in
2331 3830 2564 3892 Attica:
2606 3830 2761 3891 adde

575 3925 776 3983 omnia
822 3922 981 4003 apud
1025 3924 1266 3986 Latinos
1313 3930 1624 3999 vocabula,
1673 3927 2097 4008 monosyllabis
2150 3927 2442 3988 duntaxat
2478 3927 2760 4005 exceptis,

575 4034 710 4077 esse
737 4017 1062 4099 berytouaz
1105 4018 1180 4079 de
1219 4040 1340 4099 qua
1379 4042 1440 4081 re
1469 4042 1606 4081 mox
1635 4022 1807 4102 plura
1834 4022 2064 4092 dicam:
2110 4030 2171 4083 et
2194 4021 2367 4083 facile
2393 4021 2760 4102 pronunties,

575 4110 812 4171 minoris
841 4132 974 4173 esse
1000 4131 1196 4193 opem
1221 4124 1401 4194 atque
1427 4116 1591 4187 artis,
1619 4116 1699 4177 ad
1728 4117 2040 4177 Menandri
2080 4135 2347 4179 nonnam
2378 4118 2586 4177 Graece
2616 4116 2759 4177 scri·

575 4206 736 4278 bere,
763 4225 941 4284 quam
972 4209 1177 4271 Latine
1205 4208 1282 4271 ad
1305 4209 1582 4273 Terentii.
