3234 4934
569 357 700 426 206
1323 373 1797 424 rnsncrsous
1844 374 2055 423 nanu

567 537 640 580 ex
669 516 968 579 trochaico
1009 536 1224 597 genere
1254 516 1561 577 desumtis.
1648 516 1853 579 Sentio
1898 516 2138 598 quidem
2163 536 2257 583 me
2284 517 2381 579 hic
2410 519 2486 579 ab
2514 516 2644 579 aliis
2673 520 2756 582 rei

568 616 826 675 metricae
877 614 1257 693 scriptoribus
1308 614 1488 687 abire,
1546 614 1648 693 qui
1704 614 1779 673 de
1830 613 2084 676 iambico
2135 634 2348 694 genere
2394 615 2582 694 primo
2624 616 2759 675 loco

569 710 764 772 solent
811 727 1006 789 agere,
1053 720 1123 769 ut
1170 710 1580 790 antiquissimo
1640 720 1702 769 et
1747 709 2065 770 facillimo:
2131 710 2237 771 sed
2282 710 2758 772 doctissimorum

565 807 820 868 virorum
846 807 1016 867 venia
1044 806 1239 868 dicere
1276 807 1474 879 liceat,
1524 815 1777 887 utroque
1808 807 2047 869 nomine
2074 826 2179 881 eos
2206 808 2583 870 vehementer
2608 809 2755 870 falli.

551 900 827 963 'Primum
854 901 1009 963 enim
1036 902 1360 964 clarissimo
1389 921 1462 961 ex
1498 901 1835 963 Aristotelis
1876 901 2025 963 libro
2053 903 2129 964 de
2155 900 2400 964 Poetica
2422 903 2758 965 testimonio

565 1008 805 1059 constat
839 998 1202 1059 trochaicum
1233 1017 1421 1077 genus
1450 997 1638 1057 fuisse
1682 997 2169 1078 antiquissimum.
2213 999 2405 1073 ,Hoec
2449 999 2607 1061 enim
2656 998 2756 1063 ille

564 1114 618 1155 c.
656 1098 716 1153 4.
796 1095 903 1168 Τό,
933 1119 996 1155 re
1037 1100 1240 1175 μέτρον
1275 1097 1338 1154 ἐκ
1384 1097 1753 1175 τετραμέτρου
1792 1099 2142 1176 (τροχαῖκοῦ)
2191 1094 2460 1175 Ξαμβεῖον
2504 1097 2759 1171 ἐγένετο.

565 1190 628 1250 τὸ
655 1193 764 1270 μὲν
795 1195 906 1269 γὰρ
926 1201 1141 1269 πρῶτον
1169 1196 1508 1271 τετραμέτρῳ
1537 1193 1805 1271 ἐχρῶντο,
1832 1188 1926 1250 διὰ
1965 1191 2029 1251 τὸ
2058 1194 2353 1268 σατυρικὴν
2377 1193 2468 1251 καὶ
2496 1192 2758 1271 ὀρχηστι-

565 1292 806 1363 κωτέραν
832 1286 982 1346 εἶναι
1009 1289 1110 1357 τὴν
1129 1292 1378 1359 ποίησιν.
1405 1291 1606 1361 λέξεως
1634 1286 1698 1346 δὲ
1724 1293 2051 1367 γενομένης,
2079 1290 2267 1359 αὖτὴῆ
2290 1287 2445 1368 piem:
2469 1286 2529 1346 τὸ
2552 1290 2759 1346 οὶκεῖον

563 1388 762 1459 μέτρον
787 1379 930 1458 εὗρε.
960 1386 1210 1461 μάλιστα
1240 1386 1352 1460 γὰρ
1378 1382 1631 1442 λεκτικὸν
1654 1393 1765 1443 τῶν
1784 1389 1986 1462 μέτρον
2013 1384 2075 1443 τὸ
2098 1382 2366 1461 ἰαμβεῖόν
2392 1386 2531 1443 ἐστι,
2577 1380 2757 1450 Quod

564 1476 614 1536 si
641 1476 757 1537 hoc
785 1496 956 1537 secus
986 1497 1052 1537 se
1087 1477 1348 1550 haberet,
1391 1488 1613 1551 tamen,
1658 1476 1708 1537 si
1756 1498 1891 1557 quse
1937 1477 2013 1537 de
2042 1497 2105 1536 re
2146 1475 2390 1560 metrica
2432 1476 2756 1557 scripturus

564 1592 717 1645 sum,
739 1572 972 1633 facilius
999 1572 1402 1651 intelligentur
1429 1592 1502 1632 ea
1529 1574 1777 1652 primum
1800 1571 2114 1644 tradendo,
2134 1591 2271 1650 quoe
2294 1571 2370 1631 ad
2392 1570 2757 1631 trochaicum

563 1686 752 1745 genus
783 1679 1076 1749 spectant,
1103 1668 1235 1729 hoec
1263 1678 1357 1728 est
1390 1668 1604 1729 idonea
1630 1668 1804 1741 ratio,
1832 1688 1939 1728 cur
1965 1667 2121 1727 hanc
2148 1666 2345 1746 potius
2373 1684 2551 1744 quam
2594 1666 2756 1727 illam

561 1764 716 1825 viam
741 1766 1104 1827 insistamus.
1187 1765 1336 1827 Haec
1365 1774 1564 1826 autem
1589 1766 1741 1825 ratio
1768 1774 2056 1843 quantum
2084 1762 2267 1823 altera
2311 1760 2538 1823 facilior
2565 1762 2664 1833 sit,
2695 1772 2758 1822 et

501 1862 511 1869 ‘
560 1878 681 1920 non
729 1861 907 1923 modo
933 1862 1014 1922 rei
1041 1861 1300 1923 metricoe
1346 1860 1745 1941 imperitorum
1782 1859 1982 1939 captui
2010 1855 2530 1930 accommodatior,
2558 1854 2665 1916 sed
2695 1866 2757 1917 et

560 1957 643 2017 rei
671 1956 784 2035 ipsi
811 1957 886 2018 de
915 1977 1034 2038 qua
1061 1959 1276 2039 agitur,
1319 1958 1511 2038 aptior
1539 1966 1717 2040 atque
1744 1958 1963 2033 utilior,
2006 1974 2127 2016 non
2156 1972 2307 2035 opus
2350 1960 2445 2014 est
2470 1961 2540 2012 ut
2556 1950 2756 2012 verbis

495 2104 502 2111 .
560 2049 704 2112 meis
734 2050 962 2121 dieam;
1003 2054 1187 2115 lector
1214 2054 1342 2133 ipse
1369 2054 1569 2114 statim
1593 2066 1871 2133 expertus
1898 2072 1960 2113 re
1982 2052 2117 2132 ipsa
2142 2046 2568 2129 deprehendet.

643 2146 784 2220 Sed,
813 2157 1129 2226 antequam
1159 2167 1296 2209 vera
1323 2168 1398 2209 ex
1425 2149 1701 2208 Terentio
1728 2147 2003 2227 exempla
2036 2146 2354 2217 adducam,
2382 2142 2535 2204 fictis
2560 2162 2756 2204 exem-

559 2240 697 2319 plis,
723 2261 846 2302 uno
885 2242 1110 2304 scilicet
1133 2244 1313 2305 verbo
1363 2242 1582 2322 saepius
1626 2244 1893 2321 repetito,
1939 2240 2176 2319 singula
2214 2258 2488 2300 versuum
2536 2256 2758 2317 genera

560 2335 766 2397 lectori
792 2340 870 2398 ob
899 2339 1104 2400 oculos
1131 2357 1371 2417 ponam,
1410 2356 1529 2418 quo
1572 2336 1789 2397 clarius
1835 2348 1897 2397 et
1936 2336 2173 2417 planius
2218 2353 2416 2395 eorum
2463 2342 2755 2405 naturam,

561 2433 971 2510 quantitatem,
1008 2442 1070 2491 et
1111 2452 1414 2494 numerum
1440 2432 1779 2513 perspiciat.
1863 2432 1930 2491 In
1962 2430 2263 2491 trochaico
2309 2429 2489 2509 igitur
2516 2447 2755 2509 genere,

559 2525 840 2587 trochaici
864 2529 1184 2588 tetrametri
1210 2528 1422 2608 integri
1449 2528 1780 2607 exemplum
1806 2526 1925 2589 hoc
1952 2536 2118 2587 esto:

661 2668 1106 2733 Phormi-onem
1126 2693 1196 2732 =
1218 2673 1659 2736 Phormi-onem
1677 2682 1705 2752 u
1728 2673 2173 2736 Phormi-onem
2194 2700 2263 2740 =
2285 2674 2753 2738 Pineum-ouem.

561 2812 698 2875 Hoc
740 2825 834 2876 est
884 2817 1295 2897 perfectissimi
1347 2819 1632 2891 trochaici
1682 2821 2005 2882 tetrametri
2058 2821 2389 2901 exemplum
2415 2841 2431 2881 ε
2502 2820 2756 2881 ὃιποδίαι

560 2911 738 2985 enim,
767 2932 874 2973 seu
901 2924 1088 2975 metra
1113 2915 1328 2994 quibus
1373 2925 1631 2989 constat,
1667 2927 1806 2978 sunt
1848 2916 2047 2977 omnia
2092 2936 2168 2977 ex
2196 2918 2457 2978 trochaeo
2484 2926 2548 2977 et
2573 2935 2754 2997 spon-

560 3003 715 3079 daeo,
761 3006 826 3067 id
872 3017 984 3081 est,
1030 3030 1107 3070 ex
1160 3011 1408 3089 epitritis
1463 3013 1744 3073 secundis
1792 3014 2069 3087 conflata,
2119 3034 2253 3094 quae
2300 3008 2475 3094 hujus
2524 3013 2755 3093 generis

559 3121 790 3163 summa
815 3104 946 3165 laus
992 3116 1105 3167 est.
1188 3106 1494 3169 Trochaici
1541 3112 1697 3169 enim
1748 3111 1979 3187 generis
2026 3110 2325 3188 proprium
2374 3119 2487 3182 est,
2531 3119 2599 3170 ut
2641 3119 2757 3170 tro-

559 3197 763 3257 chaeus
794 3198 959 3257 sitin
987 3200 1136 3260 locis
1179 3202 1522 3281 imparibuS,
1550 3204 1671 3262 sive
1708 3202 1767 3263 in
1796 3204 1984 3283 priore
2032 3205 2203 3267 metri
2229 3214 2433 3285 parte;
2476 3205 2537 3264 in
2567 3205 2755 3265 altera

558 3308 696 3351 vero
725 3290 1080 3373 spondaeum.
1104 3294 1196 3353 vel
1228 3296 1514 3375 spondaeo
1540 3315 1765 3375 parem,
1790 3307 1861 3357 ut
1887 3298 2051 3376 prius
2078 3298 2222 3370 dixi,
2264 3299 2453 3372 malit,
2480 3318 2555 3358 ne
2585 3298 2752 3377 justo

558 3384 742 3449 levior
768 3397 830 3447 et
855 3388 1121 3451 mobilior
1148 3390 1245 3451 sit.
1329 3392 1508 3453 Hune
1533 3412 1768 3454 versum
1807 3394 2101 3473 integrum
2129 3393 2272 3469 dixi,
2300 3394 2581 3473 quoniam
2608 3412 2754 3453 con-

559 3490 682 3542 stat
706 3502 778 3543 ex
806 3493 1059 3562 quatuor
1100 3485 1303 3546 metris
1347 3487 1470 3546 sive
1501 3486 1777 3548 διποδίαιε
1820 3488 2103 3567 integr-iss
2147 3488 2306 3568 quod
2337 3509 2524 3569 genus
2554 3488 2752 3549 Graeci

558 3580 945 3651 ἄκατὰληκτον
972 3579 1192 3655 dixere,
1239 3592 1309 3642 ut
1335 3582 1737 3663 distinguatur
1770 3586 1844 3645 ab
1873 3586 2027 3660 aliis,
2072 3588 2133 3645 in
2160 3586 2377 3665 quibus
2404 3586 2629 3665 aliquid
2657 3586 2753 3647 vel

557 3672 780 3749 deficit,
808 3674 901 3735 vel
928 3688 1186 3756 superat.
1272 3677 1338 3736 Si
1365 3697 1572 3739 versus
1601 3698 1724 3739 una
1753 3680 1985 3760 syllaba
2026 3692 2361 3745 excurreret
2400 3680 2557 3742 ultra
2587 3681 2752 3741 debi-

559 3780 682 3829 tam
727 3771 1049 3831 tetrametri
1094 3791 1452 3846 mensuram,
1497 3775 2242 3853 ὖπερκατάληκτονάἱχετος
2294 3777 2344 3837 si
2374 3797 2491 3837 una
2522 3776 2755 3857 syllaba

559 3863 1321 3939 deficeregmmknruoeom
1366 3867 1417 3929 si
1443 3870 1597 3948 pede
1626 3870 1880 3951 integrm,
1908 3870 2470 3953 βραχυκατάληκτον.
2554 3874 2751 3951 Atque

557 3960 690 4022 haec
716 3962 1008 4023 vocabula
1051 3964 1241 4023 Latini
1271 3967 1354 4025 rei
1395 3967 1656 4027 metricae
1686 3969 2000 4047 scriptores
2030 3987 2139 4029 sua
2165 3968 2343 4028 etiam
2372 3968 2585 4037 fecere,
2614 3988 2749 4027 cum

559 4058 752 4118 verbis
781 4080 816 4121 e
847 4060 1012 4121 Latio
1063 4060 1270 4120 sumtis
1315 4080 1515 4141 eorum
1545 4062 1661 4121 vim
1688 4062 1849 4123 haud
1888 4083 2056 4143 oeque
2084 4063 2394 4124 commode
2430 4063 2751 4143 exprimere

558 4155 877 4233 potuerint.
961 4157 1044 4219 Ut
1069 4156 1245 4238 hujus
1274 4166 1472 4231 autem
1499 4178 1705 4222 versus
1747 4172 2017 4233 naturam
2030 4170 2106 4221 *et
2132 4170 2497 4225 venustatem
2537 4156 2753 4219 intelli-
