3234 4934
1095 456 1196 505 mr
1241 430 1544 507 comens
1596 458 1985 511 vssnslaus.
2498 448 2627 513 181

437 598 514 658 Et
539 614 554 655 ε

999 694 1078 755 Et
1103 712 1386 775 equorum
1416 692 1677 754 duellica
1700 697 1918 773 proles.

435 789 550 849 Ubi
577 798 642 850 et
667 790 946 867 σύλληψις
974 809 1107 851 esse
1132 799 1334 870 potest
1359 796 1377 823 ‘
1402 788 1584 851 duel.'
1669 790 1784 851 Et:

996 887 1074 945 Et
1098 886 1300 946 sonitu
1330 886 1566 947 sterilia.

436 978 627 1041 Item:

993 1078 1052 1137 N
1057 1098 1172 1139 unc
1201 1078 1327 1139 scio
1357 1075 1500 1158 quid
1537 1076 1625 1136 sit.
1642 1094 1825 1137 amor.

431 1208 448 1235 ‘
469 1202 624 1263 Sco’
662 1203 782 1264 κατ’
809 1206 1253 1287 ἑπισυναλοιφὴν
1281 1204 1627 1285 legendum,
1669 1213 1740 1263 ut
1788 1204 2063 1267 Diomedi
2090 1206 2307 1286 placet.
2390 1207 2625 1270 Sodes:

431 1296 482 1356 si
529 1296 737 1357 audes.
820 1299 1046 1359 Sultis:
1091 1299 1140 1360 si
1186 1301 1388 1374 vultis,
1441 1299 1562 1360 κατ’
1609 1301 1890 1374 ἔκθλιψιν.
1973 1300 2173 1374 Suam,
2224 1322 2387 1363 sam:
2430 1322 2625 1376 suum,

433 1412 596 1453 sum:
643 1394 787 1465 suis,
817 1393 942 1453 sis:
985 1413 1140 1465 eum,
1169 1395 1288 1454 im:
1332 1412 1531 1474 eapse,
1561 1412 1635 1453 ea
1659 1394 1828 1473 ipsa:
1872 1414 2069 1474 sapsa,
2099 1416 2163 1455 se
2191 1397 2365 1475 ipsa:

674 1521 1000 1601 Postquam
1026 1522 1246 1583 lumina
1273 1522 1353 1583 sis
1383 1521 1572 1582 oeulis
1598 1523 1792 1581 bonus
1822 1522 2025 1581 Ancus
2054 1523 2309 1603 reliquit.

671 1618 941 1697 Virgines
970 1638 1108 1679 nam
1137 1618 1246 1679 sibi
1272 1618 1524 1698 quisque
1551 1617 1712 1678 domi
1744 1618 2049 1678 Romanus
2075 1616 2255 1680 habet
2284 1638 2406 1679 sas.

670 1713 805 1781 Quo
833 1732 926 1773 res
956 1733 1136 1793 sapsa
1161 1713 1293 1775 loco
1321 1733 1453 1773 sese
1481 1722 1859 1793 ostentatque
1878 1714 2188 1793 jubetque.

429 1842 612 1914 Tth,
641 1852 775 1903 tus:
818 1851 940 1914 tua,
974 1856 1072 1903 ta:
1116 1862 1263 1916 suoe,
1311 1862 1416 1902 se:
1462 1852 1566 1901 aut
1615 1844 1894 1919 συλλήψει
1920 1842 2385 1921 μονοσυλλὰβωε,
2433 1846 2624 1906 sicut:

430 1941 649 1999 suavis.
737 1939 850 1998 Est
875 1948 938 1998 et
963 1939 1169 1999 crebra
1195 1940 1470 2014 ἔκθλιψιε,
1511 1948 1574 1997 et
1617 1947 1830 2015 postea
1854 1942 2221 2003 contractio:
2266 1952 2351 2013 ut,
2391 1960 2628 2001 amave-

431 2042 584 2105 runt,
612 2032 970 2105 decreverat,
1011 2034 1430 2095 commoverit:
1475 2044 1769 2107 amarunt,
1814 2034 2102 2108 decrerat,
2143 2035 2469 2097 commorit.
2552 2037 2629 2095 Et

431 2128 592 2207 apud
621 2128 956 2189 Lucretium
981 2148 997 2189 ε

998 2222 1195 2285 Irritat
1221 2224 1494 2287 virtutem
1523 2225 1722 2285 animi.

432 2318 546 2378 Pro
576 2319 853 2380 Irritavit.
933 2318 1145 2392 Sultis,
1174 2339 1300 2399 pro,
1330 2319 1381 2379 si
1407 2319 1585 2380 vultis
1610 2340 1629 2381 ι

667 2415 924 2477 Pandite
955 2416 1127 2477 sultis
1159 2436 1346 2495 genas
1375 2426 1437 2477 et
1460 2416 1643 2477 eorde
1670 2415 1983 2495 relinquite
2014 2433 2305 2477 somnum.

436 2541 694 2621 Omnino
722 2553 943 2614 autem,
989 2563 1108 2623 quo
1137 2542 1330 2603 minus
1357 2544 1746 2623 corriperetur
1790 2544 2213 2622 pronuntiati0,
2252 2561 2374 2602 non
2403 2544 2635 2605 obstitit

434 2636 748 2697 Veteribus
777 2658 814 2697 u
845 2658 953 2718 pro
981 2649 1388 2699 consonante:
1432 2648 1502 2697 ut
1540 2645 1558 2674 ‘
1583 2639 1722 2698 Sine
1772 2638 1993 2699 invidia
2036 2639 2275 2698 laudem
2322 2640 2631 2702 invenias!

435 2730 544 2816 {Est
569 2731 724 2791 enim
749 2734 853 2791 Sin
883 2732 1030 2794 inid.
1056 2733 1384 2813 τρίβραχυι.
1454 2733 1695 2807 Audivi,
1722 2733 1905 2795 audii.
1990 2734 2243 2796 Etiditur
2266 2745 2326 2794 et
2350 2736 2521 2796 litera
2547 2757 2631 2803 m,

432 2834 453 2861 ⁸
476 2826 737 2887 Multum
785 2827 886 2886 ille
917 2835 979 2887 et
1006 2829 1221 2888 terris!
1299 2830 1473 2887 Hanc
1514 2828 1883 2888 collisionem
1909 2840 2145 2889 vocant.
2230 2830 2421 2890 Etiam
2464 2830 2633 2894 litera

433 2925 474 2983 b
505 2942 626 2983 non
675 2926 901 2985 obstitit
924 2924 1219 2984 interdum
1247 2924 1633 2985 contractioni
1661 2924 2017 3003 syllabarum
2041 2945 2058 2985 ε
2092 2938 2179 2998 ut,
2209 2926 2326 2998 abi,
2352 2910 2645 3005 μονοσυλ)

430 3019 623 3094 λάβως
670 3020 998 3098 prolatum:
1057 3024 1306 3093 συγκοπὴ
1356 3033 1450 3078 est
1495 3020 1781 3093 concisi0,
1828 3040 1964 3080 cum
2010 3021 2241 3099 syllaba
2290 3022 2634 3081 diminuitur

434 3117 694 3176 verbum.
781 3116 913 3187 Nis,
942 3134 1069 3194 pro,
1099 3114 1310 3175 nobis:
1355 3114 1599 3186 scilicet,
1648 3132 1778 3194 pre,
1827 3114 1981 3175 scias
2026 3115 2206 3176 licet:
2249 3116 2469 3195 capsis,
2503 3136 2634 3196 pr0,

434 3234 582 3293 cape
612 3212 661 3271 si
692 3214 797 3271 vis.
840 3212 1067 3284 Erizam,
1097 3230 1224 3291 pro,
1253 3210 1525 3271 eundem.
1583 3212 1757 3271 Cette
1783 3230 2016 3285 manus,
2045 3230 2171 3292 pro,
2192 3211 2405 3273 cedite.
2461 3214 2631 3275 Actae

437 3330 554 3371 nou
586 3310 702 3369 alio
730 3328 868 3391 rege
896 3308 1162 3389 puertiae,
1189 3328 1316 3388 pre,
1344 3307 1610 3389 pueritiae
1636 3330 1651 3367 :
2302 3306 2305 3309 ’

681 3434 932 3497 Evasti?
971 3434 1150 3496 credo
1179 3446 1429 3509 metues,
1473 3436 1804 3516 doctusque
1832 3436 2092 3509 cavebis,

678 3531 875 3604 Vixet,
905 3531 1000 3591 cui
1027 3532 1207 3591 vitam
1239 3532 1404 3592 Deus
1435 3540 1498 3591 et
1523 3550 1635 3592 sua
1662 3532 1871 3593 dextra
1898 3531 2181 3595 dedisset.

685 3626 892 3686 Motus
920 3646 1154 3706 quoque
1183 3647 1422 3708 surpere
1450 3627 1647 3689 debet.

677 3720 830 3789 Quoe
857 3740 952 3783 me
979 3734 1288 3801 surpuerat
1313 3723 1474 3783 mihi.

448 3849 696 3911 Extritio
723 3856 922 3910 autem
950 3849 1180 3928 proprie
1207 3851 1381 3911 u'nius
1410 3859 1639 3911 tautum
1668 3850 1855 3910 litem
1882 3859 1993 3921 est,
2042 3859 2109 3908 ut
2150 3849 2254 3909 illa
2291 3852 2535 3929 ἔκθλιψιι
2562 3852 2632 3913 li-

439 3960 584 4009 terae
611 3966 692 4019 m,
721 3954 782 4006 et
807 3946 995 4006 literoe
1022 3965 1083 4019 u,
1112 3964 1218 4026 pro
1247 3957 1615 4007 consonante
1640 3966 1655 4006 ε
1698 3958 1779 4019 et,
1807 3944 2052 4019 caldior,
2076 3944 2312 4019 lamnae,
2354 3967 2463 4027 pro
2488 3948 2633 4007 cali-

445 4044 594 4118 dior,
634 4042 911 4103 lamiuoe:
950 4043 1105 4115 istic,
1151 4042 1340 4121 priore
1383 4044 1581 4104 brevi:
1627 4044 1701 4102 ab
1750 4042 1884 4113 olis,
1926 4060 2054 4120 pro,
2096 4043 2171 4100 ab
2213 4042 2363 4101 illis:
2407 4042 2633 4123 antiqui

447 4142 603 4201 enim
634 4139 862 4200 literam
890 4158 1010 4199 uon
1042 4140 1442 4219 geminabant,
1483 4150 1552 4201 ut
1597 4140 1789 4220 inquit
1830 4138 2080 4198 Festus:
2122 4137 2226 4216 qui
2264 4147 2325 4197 et
2351 4138 2632 4201 fenstram

447 4236 663 4311 dixere,
703 4254 882 4316 quam
908 4235 1262 4318 posteriores
1292 4234 1676 4314 τρισυλλάβως
1702 4238 2040 4296 fenestram.
2124 4232 2303 4307 Seux,
2330 4235 2423 4296 vel
2462 4254 2632 4309 snex,
